4364 5536
946 449 1225 563 ..32-

286 665 565 756 ῃμλφωμυω·
601 620 732 748 sanger
754 659 843 728 td*
823 687 926 744 ονομα
946 687 1013 746 παρ
1006 659 1207 748 Α’σχνλῳ,
1240 659 1320 727 δῖ’
1300 687 1318 724 o
1350 658 1490 763 σκάπτει
1513 667 1614 734 adesir
1643 671 1674 734 ὅ
1687 674 1888 765 Ἐπιχαρμρς,

287 777 418 876 Neque
443 775 552 846 etiam
575 772 750 845 abstinuit
768 784 896 870 poeta,
924 766 1242 904 quemadmodum
1263 748 1485 857 Athenaeus
1491 789 1664 870 testatur,
1674 783 1756 844 77·
1746 788 1887 883 ingemi

289 895 547 999 praestantiam
577 890 717 984 ridere,
754 890 950 991 qualem
940 917 982 962 ιιι
1020 890 1192 989 principe
1223 889 1444 995 tragoediae
1465 892 1609 973 Atticae
1640 886 1752 976 lirisse
1784 904 1889 1007 apud

291 1043 417 1092 omnes
439 1027 588 1090 constat

390 1257 465 1333 Sed
488 1259 665 1360 quoniam
691 1256 739 1332 de
759 1256 876 1331 altero
901 1274 1049 1358 genere,
1079 1254 1186 1356 quod
1210 1254 1259 1328 ad
1286 1257 1546 1360 res'mythicas
1571 1265 1795 1364 pertinebat,
1832 1268 1889 1345 di·

296 1392 395 1452 ctum
418 1391 484 1468 est,
510 1376 685 1482 deinceps
705 1380 752 1454 de
775 1405 832 1471 eo,
856 1377 962 1478 quod
982 1376 1030 1449 ad
1048 1403 1169 1450 mores
1192 1374 1387 1452 hominum
1404 1374 1667 1483 obprimendos
1688 1390 1890 1490 spectabat,
1982 1459 1985 1463 .

293 1497 559 1601 disputandum
584 1514 647 1572 est
698 1497 832 1572 Danda
856 1514 911 1572 est
935 1524 1049 1600 opera
1078 1500 1244 1588 omnine,
1284 1513 1325 1571 ut
1350 1501 1389 1609 in
1413 1500 1547 1619 eodem
1570 1532 1617 1577 ne
1642 1504 1932 1608 decipiamur,'
1983 1516 1989 1525 “

295 1619 411 1754 quod.
421 1620 611 1693 nonnullis
637 1619 812 1693 accidisse
830 1621 1076 1720 cognoscitur
1113 1596 1375 1717 Epicharmus
1381 1606 1480 1693 enim
1497 1648 1582 1696 eum
1596 1651 1740 1702 morem
1757 1633 1891 1723 tenuit,

296 1767 373 1842 quo
399 1739 474 1840 jam
498 1741 604 1839 prius
630 1738 866 1839 Megarenses
889 1741 942 1811 uti
968 1735 1150 1829 solebant,
1189 1753 1231 1810 ut
1254 1741 1419 1840 singulos
1442 1741 1625 1834 homines,
1650 1748 1679 1818 si
1707 1747 1801 1846 quid
1828 1749 1894 1824 ha·
1938 1787 1944 1802 ·

293 1862 438 1951 berent,
454 1885 531 1960 quo
550 1861 668 1932 risum
686 1886 837 1934 movere
853 1874 1018 1965 possent,
1044 1855 1223 1931 ridendos
1241 1870 1481 1963 proponeret.
1531 1868 1662 1966 Neque
1682 1895 1772 1940 vero
1792 1870 1894 1947 idem

290 1995 381 2057 'eum
404 1985 599 2057 instituisse
621 1982 822 2082 putaveris,
856 1979 962 2080 quod
983 1977 1245 2079 Aristophanes
1271 1984 1459 2081 ceterique
1484 1987 1657 2084 antiquae
1680 1988 1893 2065 comoediae

295 2117 425 2204 poetae
456 2102 773 2203 sequerentur328·
811 2099 1120 2202 quandoquidem
1153 2103 1305 2175 omnino
1336 2106 1433 2176 inter
1459 2129 1499 2176 se
1524 2102 1762 2181 discernendi
1792 2110 1892 2203 sunt,

296 2237 494 2324 propterea
511 2222 617 2324 quod
638 2225 693 2297 illi
716 2226 785 2324 ipsi
812 2212 938 2296 omnes
959 2246 1035 2312 eos,
1061 2224 1127 2322 qui
1146 2238 1209 2296 aut
1229 2224 1392 2324 turpiter
1403 2224 1588 2312 viverent,
1615 2241 1680 2299 aut
1696 2231 1749 2301 rei
1768 2222 1911 2330 publia

190 2408 196 2416 .
297 2370 361 2418 cae
384 2346 480 2419 male
501 2362 723 2448 praeessent,
749 2349 787 2418 in
812 2369 959 2419 scenam
984 2343 1272 2447 committebant,
1297 2342 1357 2416 hic
1380 2368 1469 2416 vero
1489 2344 1600 2417 'ineo
1625 2351 1894 2449 acquiescebag

298 2482 342 2540 ut
353 2469 443 2541 titia
461 2467 654 2541 hominum
673 2466 818 2541 leniter?
824 2452 1027 2566 attingeret
1081 2463 1197 2558 Quod
1214 2491 1261 2539 ne
1277 2480 1415 2539 temere
1437 2461 1580 2539 dictum
1600 2468 1784 2562 videatur,
1799 2489 1894 2546 ‘cona

296 2582 539 2691 siderandum
558 2603 623 2678 cst,
644 2612 720 2688 quo
743 2603 910 2688 tempore
927 2601 1035 2688 poeta
1055 2588 1201 2660 vixerit.
1251 2589 1301 2659 Et
1323 2604 1466 2675 revera,
1490 2581 1709 2685 quominus
1734 2607 1810 2666 tota
1826 2593 1894 2668 hoss

296 2712 441 2781 minum
462 2713 537 2779 vita
559 2708 831 2793 traduceretur,
854 2730 961 2799 neve,
986 2708 1051 2802 qui
1078 2708 1259 2776 civitatem
1279 2721 1462 2805 regerent,
1486 2705 1666 2781 ludibrio
1661 2727 1802 2804 essent,
1826 2715 1897 2836 ob·

296 2827 414 2902 stabat
438 2829 590 2901 omnino
616 2828 716 2926 regia
733 2837 900 2926 potestas
926 2837 962 2895 et
989 2824 1221 2924 optimatum,
1277 2826 1410 2925 qualis·
1423 2840 1506 2899 ante
1530 2850 1694 2903 eversam
1717 2857 1800 2905 rem
1826 2860 1899 2935 pu.
1935 2876 1940 2883 .

238 2992 241 2997 <
299 2947 436 3024 blicam
459 2932 621 3047 Megaris
645 2947 775 3021 suerat.
827 2924 995 3018 Fuerunt
1020 2946 1135 3044 igitur
1161 2947 1200 3019 in
1223 2943 1295 3019 hoc
1320 2973 1467 3047 genere,
1500 2947 1606 3048 quod
1628 2963 1760 3044 tracte,
1789 2954 1899 3055 prse-

301 3067 410 3167 cipue
429 3069 592 3168 parasiti,
613 3095 680 3168 qur·
669 3068 850 3158 dicitur,
873 3066 1152 3167 ebriorumque
1162 3084 1355 3168 personae,
1382 3070 1549 3166 quesita
1571 3073 1738 3146 omnium
1755 3068 1898 3152 animob

303 3184 546 3282 delectatione
571 3189 780 3282 affecerant,
820 3204 861 3263 ut
889 3213 966 3261 non
987 3186 1100 3261 modo
1124 3215 1193 3290 per
1218 3209 1328 3260 omne
1351 3184 1493 3259 Atticae
1515 3184 1735 3267 comoediae
1752 3208 1899 3305 tempus
1925 3243 1946 3290 g

302 3326 512 3410 agerentur,
535 3310 602 3386 sed
624 3314 733 3409 etiam
757 3309 843 3384 ad
825 3337 886 3385 eos
908 3312 1124 3410 migrarent,
1149 3313 1214 3411 qui
1239 3309 1287 3382 ad
1300 3308 1513 3412 exemplum
1523 3300 1777 3390 Graecorum
1778 3344 1821 3392 se
1839 3344 1899 3394 ac·
1908 3337 1910 3341 ’

302 3430 639 3521 commodassent,
642 3459 759 3532 quare
783 3459 977 3531 nunquam
1000 3459 1021 3503 a
1041 3455 1148 3504 scena
1175 3424 1380 3504 discessisse
1405 3430 1601 3529 putandae
1617 3448 1712 3509 sunt
1764 3435 1900 3513 Trans·
1962 3481 1964 3484 ·

297 3550 463 3625 scribam
487 3566 608 3626 autem
631 3552 758 3648 titulos
782 3548 1006 3650 fabularum,
1028 3577 1074 3625 ex
1099 3549 1236 3650 quibus
1266 3542 1430 3642 eruatur,
1466 3553 1498 3652 si
1524 3544 1652 3677 possit,
1686 3552 1813 3685 quod
1814 3558 1902 3662 ape-

305 3673 437 3747 riendo
462 3698 590 3747 earum
615 3689 831 3775 argumento
855 3676 1002 3748 serviat:
1028 3655 1247 3775 &typusque
1270 3658 1437 3766 Ἅρπαγιιῖ,Ι
1464 3683 1515 3746 Γ
1494 3708 1515 3744 n
1533 3707 1585 3746 και
1581 3651 1794 3767 Oetaeae,
1801 3684 1902 3784 At'pt'·
1965 3768 1968 3773 ,

306 3794 369 3867 2⁰6
410 3787 550 3869 mag*
528 3820 548 3877 η
569 3797 727 3869 Πλοῦτος,
760 3787 871 3871 ‘Ecqui
892 3816 945 3854 και
940 3790 1083 3869 Νιῖσοι,
1124 3788 1303 3868 Paterisne,
1326 3784 1544 3874 Ἡράκλειτος,
1582 3774 1713 3876 Geticos,
1734 3797 1903 3882 Mkyapt‘c,
1936 3790 1940 3797 ¹

307 3894 430 3975 Μῆνες,
450 3894 563 3978 ’ορυα,
580 3893 770 3984 Περίαλλος,
790 3893 929 3976 Πέρσαι,
953 3893 1082 3974 Hibeos,
1107 3887 1292 3976 Τριακάᾷες,
1310 3888 1520 3974 Χορεύονῐες,
1540 3888 1698 3981 Xv'epoec
1722 3914 1727 3925 “
1760 3926 1763 3931 ·

405 4122 471 4194 Sin
488 4143 580 4194 vcro
599 4125 809 4223 pergamus,
836 4136 877 4194 ut
896 4135 1117 4219 exponatur,
1145 4128 1311 4221 quonam
1335 4119 1642 4222 dicendigenere
1657 4122 1907 4228 Epicharmus

310 4265 396 4315 usus
418 4244 478 4333 sit,
502 4241 739 4316 statuendum
762 4245 913 4318 omnino
940 4255 1005 4332 est,
1042 4268 1128 4314 eum
1153 4243 1191 4313 in
1215 4241 1349 4316 sabulis
1375 4246 1642 4344 componendis
1665 4249 1778 4323 talem
1803 4251 1908 4328 adhi-

351 4502 358 4515 Ι
422 4510 424 4515 ι

378 4586 440 4645 77.
458 4585 572 4650 athen
593 4587 673 4656 XV..
695 4571 763 4671 pag.
785 4587 855 4654 69&
943 4591 988 4651 28.
1007 4592 1049 4659 θ.
1069 4582 1198 4699 ‘tilium
1229 4588 1273 4656 bie
1295 4586 1415 4670 toties,
1433 4588 1562 4682 tibttdt'.
1584 4591 1618 4652 tl.
1646 4580 1805 4660 &3581-
