<?xml version="1.0" encoding="UTF-8"?>
<!DOCTYPE html PUBLIC "-//W3C//DTD XHTML 1.0 Transitional//EN"
    "http://www.w3.org/TR/xhtml1/DTD/xhtml1-transitional.dtd">
<html xmlns="http://www.w3.org/1999/xhtml" xml:lang="en" lang="en">
 <head>
  <title>
</title>
<meta http-equiv="Content-Type" content="text/html;charset=utf-8" />
  <meta name='ocr-system' content='tesseract 3.04.00' />
  <meta name='ocr-capabilities' content='ocr_page ocr_carea ocr_par ocr_line ocrx_word'/>
</head>
<body>
  <div class='ocr_page' id='page_1' title='image "./detriumquaegrae00roedgoog_0149.png"; bbox 0 0 4364 5536; ppageno 0'>
   <div class='ocr_carea' id='block_1_1' title="bbox 887 420 1237 603">
    <p class='ocr_par' dir='ltr' id='par_1_1' title="bbox 887 420 1237 603">
     <span class='ocr_line' id='line_1_1' title="bbox 887 420 1237 603; baseline 0.006 -39"><span class='ocrx_word' id='word_1_1' title='bbox 887 420 1237 603; x_wconf 71' lang='lat'>&#39;7-136—</span> 
     </span>
    </p>
   </div>
   <div class='ocr_carea' id='block_1_2' title="bbox 182 689 1980 2725">
    <p class='ocr_par' dir='ltr' id='par_1_2' title="bbox 285 689 1980 1274">
     <span class='ocr_line' id='line_1_2' title="bbox 382 689 1891 801; baseline -0.001 -31"><span class='ocrx_word' id='word_1_2' title='bbox 382 719 413 781; x_wconf 76' lang='lat' dir='ltr'><strong>r·</strong></span> <span class='ocrx_word' id='word_1_3' title='bbox 449 694 628 770; x_wconf 82' lang='lat' dir='ltr'><strong>Oratores</strong></span> <span class='ocrx_word' id='word_1_4' title='bbox 654 693 973 797; x_wconf 78' lang='lat' dir='ltr'><strong>perstringuntur,</strong></span> <span class='ocrx_word' id='word_1_5' title='bbox 1012 693 1128 789; x_wconf 89' lang='lat' dir='ltr'><strong>inque</strong></span> <span class='ocrx_word' id='word_1_6' title='bbox 1162 713 1321 763; x_wconf 87' lang='lat' dir='ltr'><strong>numero</strong></span> <span class='ocrx_word' id='word_1_7' title='bbox 1347 713 1479 764; x_wconf 89' lang='lat' dir='ltr'><strong>eorum</strong></span> <span class='ocrx_word' id='word_1_8' title='bbox 1507 689 1586 792; x_wconf 90' lang='lat' dir='ltr'><strong>ipse</strong></span> <span class='ocrx_word' id='word_1_9' title='bbox 1603 690 1891 801; x_wconf 74' lang='lat' dir='ltr'><strong>Demosthenes,</strong></span> 
     </span>
     <span class='ocr_line' id='line_1_3' title="bbox 286 809 1896 917; baseline -0.002 -26"><span class='ocrx_word' id='word_1_10' title='bbox 286 817 334 891; x_wconf 89' lang='lat' dir='ltr'><strong>de</strong></span> <span class='ocrx_word' id='word_1_11' title='bbox 360 840 438 917; x_wconf 92' lang='lat' dir='ltr'><strong>quo</strong></span> <span class='ocrx_word' id='word_1_12' title='bbox 464 815 611 911; x_wconf 86' lang='lat' dir='ltr'><strong>Tullius</strong></span> <span class='ocrx_word' id='word_1_13' title='bbox 635 817 684 887; x_wconf 85' lang='lat' dir='ltr'><strong>ita</strong></span> <span class='ocrx_word' id='word_1_14' title='bbox 710 810 865 912; x_wconf 88' lang='lat' dir='ltr'><strong>judicat:</strong></span> <span class='ocrx_word' id='word_1_15' title='bbox 884 813 929 869; x_wconf 80' lang='lat'><strong>⁵⁰·</strong></span> <span class='ocrx_word' id='word_1_16' title='bbox 958 812 1004 884; x_wconf 96' lang='lat' dir='ltr'><strong>in</strong></span> <span class='ocrx_word' id='word_1_17' title='bbox 1031 809 1310 884; x_wconf 88' lang='lat' dir='ltr'><strong>oratoribus</strong></span> <span class='ocrx_word' id='word_1_18' title='bbox 1334 838 1447 886; x_wconf 88' lang='lat' dir='ltr'><strong>vero</strong></span> <span class='ocrx_word' id='word_1_19' title='bbox 1472 813 1669 888; x_wconf 89' lang='lat' dir='ltr'><strong>Graecis</strong></span> <span class='ocrx_word' id='word_1_20' title='bbox 1698 811 1896 914; x_wconf 89' lang='lat' dir='ltr'><strong>quidem</strong></span> 
     </span>
     <span class='ocr_line' id='line_1_4' title="bbox 287 932 1898 1040; baseline 0 -31"><span class='ocrx_word' id='word_1_21' title='bbox 287 935 568 1034; x_wconf 73' lang='lat' dir='ltr'><strong>admiqahile</strong></span> <span class='ocrx_word' id='word_1_22' title='bbox 603 949 686 1025; x_wconf 88' lang='lat' dir='ltr'><strong>est,</strong></span> <span class='ocrx_word' id='word_1_23' title='bbox 721 946 947 1033; x_wconf 88' lang='lat' dir='ltr'><strong>quantum</strong></span> <span class='ocrx_word' id='word_1_24' title='bbox 977 933 1105 1004; x_wconf 88' lang='lat' dir='ltr'><strong>inter</strong></span> <span class='ocrx_word' id='word_1_25' title='bbox 1136 955 1289 1040; x_wconf 77' lang='lat' dir='ltr'><strong>omnes</strong></span> <span class='ocrx_word' id='word_1_26' title='bbox 1320 956 1437 1006; x_wconf 91' lang='lat' dir='ltr'><strong>unus</strong></span> <span class='ocrx_word' id='word_1_27' title='bbox 1465 933 1681 1011; x_wconf 78' lang='lat' dir='ltr'><strong>excellat.</strong></span> <span class='ocrx_word' id='word_1_28' title='bbox 1730 932 1898 1010; x_wconf 78' lang='lat' dir='ltr'><strong>Easdem</strong></span> 
     </span>
     <span class='ocr_line' id='line_1_5' title="bbox 285 1050 1980 1154; baseline -0.005 -22"><span class='ocrx_word' id='word_1_29' title='bbox 285 1058 418 1132; x_wconf 86' lang='lat' dir='ltr'><strong>summi</strong></span> <span class='ocrx_word' id='word_1_30' title='bbox 440 1058 597 1130; x_wconf 85' lang='lat' dir='ltr'><strong>oratoris</strong></span> <span class='ocrx_word' id='word_1_31' title='bbox 621 1054 765 1146; x_wconf 88' lang='lat' dir='ltr'><strong>laudes,</strong></span> <span class='ocrx_word' id='word_1_32' title='bbox 787 1055 848 1127; x_wconf 88' lang='lat' dir='ltr'><strong>cui</strong></span> <span class='ocrx_word' id='word_1_33' title='bbox 867 1052 962 1126; x_wconf 84' lang='lat' dir='ltr'><strong>nihil</strong></span> <span class='ocrx_word' id='word_1_34' title='bbox 986 1051 1075 1125; x_wconf 90' lang='lat' dir='ltr'><strong>addi</strong></span> <span class='ocrx_word' id='word_1_35' title='bbox 1096 1077 1205 1152; x_wconf 90' lang='lat' dir='ltr'><strong>posse</strong></span> <span class='ocrx_word' id='word_1_36' title='bbox 1226 1050 1400 1151; x_wconf 85' lang='lat' dir='ltr'>plerique</span> <span class='ocrx_word' id='word_1_37' title='bbox 1418 1050 1593 1144; x_wconf 86' lang='lat' dir='ltr'><strong>fatentur,</strong></span> <span class='ocrx_word' id='word_1_38' title='bbox 1620 1078 1662 1127; x_wconf 88' lang='lat' dir='ltr'><strong>ac</strong></span> <span class='ocrx_word' id='word_1_39' title='bbox 1677 1053 1897 1154; x_wconf 81' lang='lat' dir='ltr'><strong>principem</strong></span> <span class='ocrx_word' id='word_1_40' title='bbox 1972 1112 1980 1123; x_wconf 91' lang='lat'><strong>.</strong></span> 
     </span>
     <span class='ocr_line' id='line_1_6' title="bbox 287 1169 1898 1274; baseline -0.001 -24"><span class='ocrx_word' id='word_1_41' title='bbox 287 1175 438 1251; x_wconf 87' lang='lat' dir='ltr'><strong>dicendi</strong></span> <span class='ocrx_word' id='word_1_42' title='bbox 466 1178 536 1249; x_wconf 86' lang='lat' dir='ltr'><strong>rite</strong></span> <span class='ocrx_word' id='word_1_43' title='bbox 562 1173 705 1264; x_wconf 88' lang='lat' dir='ltr'><strong>haberi,</strong></span> <span class='ocrx_word' id='word_1_44' title='bbox 733 1171 987 1268; x_wconf 81' lang='lat' dir='ltr'><strong>Quintilianus</strong></span> <span class='ocrx_word' id='word_1_45' title='bbox 1012 1172 1086 1245; x_wconf 88' lang='lat' dir='ltr'><strong>hoe</strong></span> <span class='ocrx_word' id='word_1_46' title='bbox 1111 1169 1226 1244; x_wconf 91' lang='lat' dir='ltr'><strong>modo</strong></span> <span class='ocrx_word' id='word_1_47' title='bbox 1252 1171 1424 1246; x_wconf 81' lang='lat' dir='ltr'><strong>tradidit:</strong></span> <span class='ocrx_word' id='word_1_48' title='bbox 1439 1174 1484 1232; x_wconf 82' lang='lat'><strong>⁵¹·</strong></span> <span class='ocrx_word' id='word_1_49' title='bbox 1534 1175 1762 1274; x_wconf 85' lang='lat' dir='ltr'><strong>Sequitur</strong></span> <span class='ocrx_word' id='word_1_50' title='bbox 1788 1199 1898 1249; x_wconf 87' lang='lat' dir='ltr'><strong>ora·</strong></span> 
     </span>
    </p>

    <p class='ocr_par' dir='ltr' id='par_1_3' title="bbox 182 1290 1902 2725">
     <span class='ocr_line' id='line_1_7' title="bbox 182 1290 1899 1399; baseline 0.001 -29"><span class='ocrx_word' id='word_1_51' title='bbox 182 1290 186 1297; x_wconf 61' lang='grc'><strong>’</strong></span> <span class='ocrx_word' id='word_1_52' title='bbox 286 1296 438 1371; x_wconf 85' lang='lat' dir='ltr'><strong>torum</strong></span> <span class='ocrx_word' id='word_1_53' title='bbox 462 1300 624 1398; x_wconf 81' lang='lat' dir='ltr'><strong>ingens</strong></span> <span class='ocrx_word' id='word_1_54' title='bbox 649 1320 855 1399; x_wconf 69' lang='lat' dir='ltr'><strong>manus,</strong></span> <span class='ocrx_word' id='word_1_55' title='bbox 878 1310 928 1369; x_wconf 89' lang='lat' dir='ltr'><strong>ut</strong></span> <span class='ocrx_word' id='word_1_56' title='bbox 950 1321 1053 1368; x_wconf 92' lang='lat' dir='ltr'><strong>cum</strong></span> <span class='ocrx_word' id='word_1_57' title='bbox 1078 1293 1236 1366; x_wconf 90' lang='lat' dir='ltr'><strong>decem</strong></span> <span class='ocrx_word' id='word_1_58' title='bbox 1260 1291 1403 1364; x_wconf 84' lang='lat' dir='ltr'><strong>simul</strong></span> <span class='ocrx_word' id='word_1_59' title='bbox 1426 1290 1622 1366; x_wconf 82' lang='lat' dir='ltr'><strong>Athenis</strong></span> <span class='ocrx_word' id='word_1_60' title='bbox 1647 1311 1776 1370; x_wconf 83' lang='lat' dir='ltr'><strong>aetas</strong></span> <span class='ocrx_word' id='word_1_61' title='bbox 1802 1324 1899 1371; x_wconf 80' lang='lat' dir='ltr'><strong>una</strong></span> 
     </span>
     <span class='ocr_line' id='line_1_8' title="bbox 287 1407 1898 1517; baseline 0.001 -28"><span class='ocrx_word' id='word_1_62' title='bbox 287 1419 473 1492; x_wconf 84' lang='lat' dir='ltr'><strong>tulerit</strong></span> <span class='ocrx_word' id='word_1_63' title='bbox 526 1418 744 1515; x_wconf 82' lang='lat' dir='ltr'><strong>Quorum</strong></span> <span class='ocrx_word' id='word_1_64' title='bbox 768 1417 907 1517; x_wconf 80' lang='lat' dir='ltr'><strong>longe</strong></span> <span class='ocrx_word' id='word_1_65' title='bbox 933 1414 1158 1515; x_wconf 88' lang='lat' dir='ltr'><strong>princeps</strong></span> <span class='ocrx_word' id='word_1_66' title='bbox 1182 1407 1524 1485; x_wconf 79' lang='lat' dir='ltr'><strong>Demosthenes</strong></span> <span class='ocrx_word' id='word_1_67' title='bbox 1548 1437 1598 1485; x_wconf 90' lang='lat' dir='ltr'><strong>ac</strong></span> <span class='ocrx_word' id='word_1_68' title='bbox 1629 1439 1781 1514; x_wconf 82' lang='lat' dir='ltr'><strong>paene</strong></span> <span class='ocrx_word' id='word_1_69' title='bbox 1810 1415 1898 1490; x_wconf 83' lang='lat' dir='ltr'><strong>‘lex</strong></span> 
     </span>
     <span class='ocr_line' id='line_1_9' title="bbox 288 1532 1899 1635; baseline 0.002 -26"><span class='ocrx_word' id='word_1_70' title='bbox 288 1536 456 1623; x_wconf 77' lang='lat' dir='ltr'><strong>orandi</strong></span> <span class='ocrx_word' id='word_1_71' title='bbox 481 1535 584 1611; x_wconf 84' lang='lat' dir='ltr'><strong>fuit:</strong></span> <span class='ocrx_word' id='word_1_72' title='bbox 624 1552 751 1611; x_wconf 87' lang='lat' dir='ltr'><strong>tanta</strong></span> <span class='ocrx_word' id='word_1_73' title='bbox 773 1540 844 1612; x_wconf 83' lang='lat' dir='ltr'><strong>vis</strong></span> <span class='ocrx_word' id='word_1_74' title='bbox 871 1538 919 1610; x_wconf 93' lang='lat' dir='ltr'><strong>in</strong></span> <span class='ocrx_word' id='word_1_75' title='bbox 944 1536 1017 1625; x_wconf 85' lang='lat' dir='ltr'><strong>eo,</strong></span> <span class='ocrx_word' id='word_1_76' title='bbox 1042 1548 1131 1607; x_wconf 90' lang='lat' dir='ltr'><strong>tam</strong></span> <span class='ocrx_word' id='word_1_77' title='bbox 1152 1532 1296 1606; x_wconf 90' lang='lat' dir='ltr'><strong>densa</strong></span> <span class='ocrx_word' id='word_1_78' title='bbox 1321 1535 1493 1624; x_wconf 87' lang='lat' dir='ltr'><strong>omnia,</strong></span> <span class='ocrx_word' id='word_1_79' title='bbox 1521 1535 1583 1607; x_wconf 86' lang='lat' dir='ltr'><strong>ita</strong></span> <span class='ocrx_word' id='word_1_80' title='bbox 1608 1535 1899 1635; x_wconf 84' lang='lat' dir='ltr'><strong>quibusdam</strong></span> 
     </span>
     <span class='ocr_line' id='line_1_10' title="bbox 288 1652 1898 1750; baseline 0.001 -20"><span class='ocrx_word' id='word_1_81' title='bbox 288 1659 452 1732; x_wconf 81' lang='lat' dir='ltr'><strong>nervis</strong></span> <span class='ocrx_word' id='word_1_82' title='bbox 484 1658 670 1732; x_wconf 83' lang='lat' dir='ltr'><strong>intenta</strong></span> <span class='ocrx_word' id='word_1_83' title='bbox 695 1673 824 1750; x_wconf 89' lang='lat' dir='ltr'><strong>sunt,</strong></span> <span class='ocrx_word' id='word_1_84' title='bbox 856 1671 947 1731; x_wconf 86' lang='lat' dir='ltr'><strong>tam</strong></span> <span class='ocrx_word' id='word_1_85' title='bbox 985 1654 1110 1727; x_wconf 94' lang='lat' dir='ltr'><strong>nihil</strong></span> <span class='ocrx_word' id='word_1_86' title='bbox 1139 1655 1360 1746; x_wconf 90' lang='lat' dir='ltr'><strong>otiosum,</strong></span> <span class='ocrx_word' id='word_1_87' title='bbox 1396 1656 1436 1728; x_wconf 89' lang='lat' dir='ltr'><strong>is</strong></span> <span class='ocrx_word' id='word_1_88' title='bbox 1464 1652 1665 1729; x_wconf 88' lang='lat' dir='ltr'><strong>dicendi</strong></span> <span class='ocrx_word' id='word_1_89' title='bbox 1712 1654 1898 1750; x_wconf 80' lang='lat' dir='ltr'><strong>modus,</strong></span> 
     </span>
     <span class='ocr_line' id='line_1_11' title="bbox 287 1775 1898 1880; baseline 0.001 -29"><span class='ocrx_word' id='word_1_90' title='bbox 287 1793 340 1852; x_wconf 92' lang='lat' dir='ltr'><strong>ut</strong></span> <span class='ocrx_word' id='word_1_91' title='bbox 363 1778 604 1880; x_wconf 69' lang='lat' dir='ltr'><strong>neuquod</strong></span> <span class='ocrx_word' id='word_1_92' title='bbox 628 1778 753 1852; x_wconf 86' lang='lat' dir='ltr'><strong>desit</strong></span> <span class='ocrx_word' id='word_1_93' title='bbox 778 1780 824 1851; x_wconf 92' lang='lat' dir='ltr'><strong>in</strong></span> <span class='ocrx_word' id='word_1_94' title='bbox 850 1800 921 1866; x_wconf 88' lang='lat' dir='ltr'><strong>eo,</strong></span> <span class='ocrx_word' id='word_1_95' title='bbox 953 1803 1041 1849; x_wconf 91' lang='lat' dir='ltr'><strong>nec</strong></span> <span class='ocrx_word' id='word_1_96' title='bbox 1067 1775 1195 1876; x_wconf 91' lang='lat' dir='ltr'><strong>quod</strong></span> <span class='ocrx_word' id='word_1_97' title='bbox 1220 1775 1466 1865; x_wconf 84' lang='lat' dir='ltr'><strong>redundet</strong></span> <span class='ocrx_word' id='word_1_98' title='bbox 1488 1777 1713 1850; x_wconf 87' lang='lat' dir='ltr'><strong>invenias.</strong></span> <span class='ocrx_word' id='word_1_99' title='bbox 1764 1776 1898 1880; x_wconf 83' lang='lat' dir='ltr'><strong>Neque</strong></span> 
     </span>
     <span class='ocr_line' id='line_1_12' title="bbox 288 1872 1898 1998; baseline 0.001 -26"><span class='ocrx_word' id='word_1_100' title='bbox 288 1899 420 1990; x_wconf 86' lang='lat' dir='ltr'><strong>multo,</strong></span> <span class='ocrx_word' id='word_1_101' title='bbox 433 1913 474 1973; x_wconf 92' lang='lat' dir='ltr'><strong>ut</strong></span> <span class='ocrx_word' id='word_1_102' title='bbox 497 1897 673 1987; x_wconf 87' lang='lat' dir='ltr'><strong>arbitror,</strong></span> <span class='ocrx_word' id='word_1_103' title='bbox 687 1918 974 1998; x_wconf 85' lang='lat' dir='ltr'><strong>sermoneopus</strong></span> <span class='ocrx_word' id='word_1_104' title='bbox 996 1914 1049 1972; x_wconf 90' lang='lat' dir='ltr'><strong>est</strong></span> <span class='ocrx_word' id='word_1_105' title='bbox 1070 1898 1119 1972; x_wconf 90' lang='lat' dir='ltr'><strong>ad</strong></span> <span class='ocrx_word' id='word_1_106' title='bbox 1142 1897 1237 1970; x_wconf 89' lang='lat' dir='ltr'><strong>hanc</strong></span> <span class='ocrx_word' id='word_1_107' title='bbox 1250 1913 1396 1998; x_wconf 86' lang='lat' dir='ltr'><strong>partem</strong></span> <span class='ocrx_word' id='word_1_108' title='bbox 1412 1897 1719 1989; x_wconf 85' lang='lat' dir='ltr'><strong>confirmandam,</strong></span> <span class='ocrx_word' id='word_1_109' title='bbox 1731 1872 1819 1972; x_wconf 72' lang='lat' dir='ltr'><strong>hum</strong></span> <span class='ocrx_word' id='word_1_110' title='bbox 1834 1899 1898 1973; x_wconf 85' lang='lat' dir='ltr'><strong>ha·</strong></span> 
     </span>
     <span class='ocr_line' id='line_1_13' title="bbox 289 2006 1900 2121; baseline 0.001 -27"><span class='ocrx_word' id='word_1_111' title='bbox 289 2021 576 2121; x_wconf 87' lang='lat' dir='ltr'><strong>heamus,qucm</strong></span> <span class='ocrx_word' id='word_1_112' title='bbox 591 2044 794 2119; x_wconf 89' lang='lat' dir='ltr'><strong>sequamur</strong></span> <span class='ocrx_word' id='word_1_113' title='bbox 815 2020 854 2091; x_wconf 92' lang='lat' dir='ltr'><strong>in</strong></span> <span class='ocrx_word' id='word_1_114' title='bbox 871 2017 1014 2118; x_wconf 91' lang='lat' dir='ltr'><strong>judicio</strong></span> <span class='ocrx_word' id='word_1_115' title='bbox 1032 2035 1175 2113; x_wconf 83' lang='lat' dir='ltr'><strong>nostru,</strong></span> <span class='ocrx_word' id='word_1_116' title='bbox 1189 2046 1379 2094; x_wconf 91' lang='lat' dir='ltr'><strong>summum</strong></span> <span class='ocrx_word' id='word_1_117' title='bbox 1398 2006 1583 2093; x_wconf 52' lang='lat' dir='ltr'><strong>criticumss</strong></span> <span class='ocrx_word' id='word_1_118' title='bbox 1627 2018 1775 2116; x_wconf 75' lang='lat' dir='ltr'><strong>Trihuit</strong></span> <span class='ocrx_word' id='word_1_119' title='bbox 1795 2021 1900 2095; x_wconf 90' lang='lat' dir='ltr'><strong>enim</strong></span> 
     </span>
     <span class='ocr_line' id='line_1_14' title="bbox 289 2136 1894 2243; baseline 0.001 -32"><span class='ocrx_word' id='word_1_120' title='bbox 289 2139 526 2214; x_wconf 87' lang='lat' dir='ltr'><strong>Demostheni</strong></span> <span class='ocrx_word' id='word_1_121' title='bbox 543 2142 745 2241; x_wconf 84' lang='lat' dir='ltr'><strong>Dionysius</strong></span> <span class='ocrx_word' id='word_1_122' title='bbox 760 2139 833 2212; x_wconf 89' lang='lat' dir='ltr'><strong>tale</strong></span> <span class='ocrx_word' id='word_1_123' title='bbox 853 2136 1004 2214; x_wconf 88' lang='lat' dir='ltr'><strong>dicendi</strong></span> <span class='ocrx_word' id='word_1_124' title='bbox 1038 2168 1166 2241; x_wconf 82' lang='lat' dir='ltr'><strong>genus,</strong></span> <span class='ocrx_word' id='word_1_125' title='bbox 1191 2142 1296 2243; x_wconf 89' lang='lat' dir='ltr'><strong>quod</strong></span> <span class='ocrx_word' id='word_1_126' title='bbox 1315 2157 1522 2216; x_wconf 85' lang='lat' dir='ltr'><strong>structurae</strong></span> <span class='ocrx_word' id='word_1_127' title='bbox 1547 2142 1830 2242; x_wconf 79' lang='lat' dir='ltr'><strong>permutationes</strong></span> <span class='ocrx_word' id='word_1_128' title='bbox 1849 2165 1894 2212; x_wconf 84' lang='lat' dir='ltr'><strong>ac</strong></span> 
     </span>
     <span class='ocr_line' id='line_1_15' title="bbox 286 2257 1897 2361; baseline 0.002 -29"><span class='ocrx_word' id='word_1_129' title='bbox 286 2261 502 2351; x_wconf 55' lang='lat' dir='ltr'><strong>,varietatem</strong></span> <span class='ocrx_word' id='word_1_130' title='bbox 527 2259 670 2351; x_wconf 82' lang='lat' dir='ltr'><strong>habeat,</strong></span> <span class='ocrx_word' id='word_1_131' title='bbox 685 2287 771 2335; x_wconf 92' lang='lat' dir='ltr'><strong>cum</strong></span> <span class='ocrx_word' id='word_1_132' title='bbox 783 2258 1089 2358; x_wconf 56' lang='lat' dir='ltr'><strong>hocqmembrum</strong></span> <span class='ocrx_word' id='word_1_133' title='bbox 1106 2261 1271 2352; x_wconf 85' lang='lat' dir='ltr'><strong>brevius,</strong></span> <span class='ocrx_word' id='word_1_134' title='bbox 1290 2261 1387 2336; x_wconf 86' lang='lat' dir='ltr'><strong>illud</strong></span> <span class='ocrx_word' id='word_1_135' title='bbox 1410 2261 1571 2361; x_wconf 81' lang='lat' dir='ltr'><strong>longius,</strong></span> <span class='ocrx_word' id='word_1_136' title='bbox 1588 2257 1688 2333; x_wconf 88' lang='lat' dir='ltr'><strong>aliud</strong></span> <span class='ocrx_word' id='word_1_137' title='bbox 1712 2259 1897 2353; x_wconf 77' lang='lat' dir='ltr'><strong>velocius,</strong></span> 
     </span>
     <span class='ocr_line' id='line_1_16' title="bbox 291 2360 1902 2482; baseline 0.004 -32"><span class='ocrx_word' id='word_1_138' title='bbox 291 2378 395 2451; x_wconf 84' lang='lat' dir='ltr'><strong>aliud</strong></span> <span class='ocrx_word' id='word_1_139' title='bbox 408 2381 607 2479; x_wconf 88' lang='lat' dir='ltr'><strong>remissius,</strong></span> <span class='ocrx_word' id='word_1_140' title='bbox 622 2377 727 2451; x_wconf 89' lang='lat' dir='ltr'><strong>aliud</strong></span> <span class='ocrx_word' id='word_1_141' title='bbox 740 2377 901 2481; x_wconf 89' lang='lat' dir='ltr'><strong>denique</strong></span> <span class='ocrx_word' id='word_1_142' title='bbox 915 2387 1119 2456; x_wconf 87' lang='lat' dir='ltr'><strong>accuratius</strong></span> <span class='ocrx_word' id='word_1_143' title='bbox 1133 2384 1195 2454; x_wconf 91' lang='lat' dir='ltr'><strong>sit:</strong></span> <span class='ocrx_word' id='word_1_144' title='bbox 1211 2383 1358 2455; x_wconf 86' lang='lat' dir='ltr'><strong>numeri</strong></span> <span class='ocrx_word' id='word_1_145' title='bbox 1373 2397 1563 2482; x_wconf 87' lang='lat' dir='ltr'><strong>praeterea</strong></span> <span class='ocrx_word' id='word_1_146' title='bbox 1575 2360 1661 2457; x_wconf 73' lang='lat' dir='ltr'><strong>cuin</strong></span> <span class='ocrx_word' id='word_1_147' title='bbox 1673 2377 1828 2473; x_wconf 69' lang='lat' dir='ltr'><strong>diremi,</strong></span> <span class='ocrx_word' id='word_1_148' title='bbox 1841 2381 1902 2456; x_wconf 86' lang='lat' dir='ltr'><strong>di·</strong></span> 
     </span>
     <span class='ocr_line' id='line_1_17' title="bbox 290 2496 1898 2605; baseline 0.004 -35"><span class='ocrx_word' id='word_1_149' title='bbox 290 2524 417 2572; x_wconf 82' lang='lat' dir='ltr'><strong>versae</strong></span> <span class='ocrx_word' id='word_1_150' title='bbox 436 2496 576 2599; x_wconf 82' lang='lat' dir='ltr'><strong>figurae</strong></span> <span class='ocrx_word' id='word_1_151' title='bbox 591 2502 768 2601; x_wconf 79' lang='lat' dir='ltr'><strong>vocisque</strong></span> <span class='ocrx_word' id='word_1_152' title='bbox 783 2505 906 2576; x_wconf 81' lang='lat' dir='ltr'><strong>variae</strong></span> <span class='ocrx_word' id='word_1_153' title='bbox 925 2505 1156 2577; x_wconf 85' lang='lat' dir='ltr'><strong>intentiones.</strong></span> <span class='ocrx_word' id='word_1_154' title='bbox 1183 2504 1259 2576; x_wconf 90' lang='lat' dir='ltr'><strong>Nec</strong></span> <span class='ocrx_word' id='word_1_155' title='bbox 1282 2530 1347 2575; x_wconf 88' lang='lat' dir='ltr'><strong>sua</strong></span> <span class='ocrx_word' id='word_1_156' title='bbox 1367 2504 1515 2575; x_wconf 86' lang='lat' dir='ltr'><strong>interim</strong></span> <span class='ocrx_word' id='word_1_157' title='bbox 1529 2503 1644 2602; x_wconf 80' lang='lat' dir='ltr'><strong>gratia</strong></span> <span class='ocrx_word' id='word_1_158' title='bbox 1660 2500 1898 2605; x_wconf 81' lang='lat' dir='ltr'><strong>caret,q&#39;uod</strong></span> 
     </span>
     <span class='ocr_line' id='line_1_18' title="bbox 292 2621 1899 2725; baseline 0.003 -33"><span class='ocrx_word' id='word_1_159' title='bbox 292 2622 340 2693; x_wconf 86' lang='lat' dir='ltr'><strong>ite</strong></span> <span class='ocrx_word' id='word_1_160' title='bbox 355 2621 603 2712; x_wconf 86' lang='lat' dir='ltr'><strong>constituitur,</strong></span> <span class='ocrx_word' id='word_1_161' title='bbox 618 2637 660 2694; x_wconf 91' lang='lat' dir='ltr'><strong>ut</strong></span> <span class='ocrx_word' id='word_1_162' title='bbox 672 2636 750 2695; x_wconf 87' lang='lat' dir='ltr'><strong>arte</strong></span> <span class='ocrx_word' id='word_1_163' title='bbox 762 2623 915 2696; x_wconf 90' lang='lat' dir='ltr'><strong>minime</strong></span> <span class='ocrx_word' id='word_1_164' title='bbox 928 2623 1170 2695; x_wconf 90' lang='lat' dir='ltr'><strong>constitutum</strong></span> <span class='ocrx_word' id='word_1_165' title='bbox 1182 2621 1363 2695; x_wconf 86' lang='lat' dir='ltr'><strong>videatur.</strong></span> <span class='ocrx_word' id='word_1_166' title='bbox 1378 2624 1422 2681; x_wconf 81' lang='lat'><strong>52.</strong></span> <span class='ocrx_word' id='word_1_167' title='bbox 1438 2621 1513 2695; x_wconf 91' lang='lat' dir='ltr'><strong>Sed</strong></span> <span class='ocrx_word' id='word_1_168' title='bbox 1528 2636 1570 2695; x_wconf 93' lang='lat' dir='ltr'><strong>ut</strong></span> <span class='ocrx_word' id='word_1_169' title='bbox 1581 2637 1700 2696; x_wconf 87' lang='lat' dir='ltr'><strong>totum</strong></span> <span class='ocrx_word' id='word_1_170' title='bbox 1713 2625 1899 2725; x_wconf 87' lang='lat' dir='ltr'><strong>compleo·</strong></span> 
     </span>
    </p>
   </div>
   <div class='ocr_carea' id='block_1_3' title="bbox 291 2741 1897 2842">
    <p class='ocr_par' dir='ltr' id='par_1_4' title="bbox 291 2741 1897 2842">
     <span class='ocr_line' id='line_1_19' title="bbox 291 2741 1897 2842; baseline 0.003 -27"><span class='ocrx_word' id='word_1_171' title='bbox 291 2758 427 2834; x_wconf 87' lang='lat' dir='ltr'><strong>tamur,</strong></span> <span class='ocrx_word' id='word_1_172' title='bbox 452 2742 552 2815; x_wconf 91' lang='lat' dir='ltr'><strong>unde</strong></span> <span class='ocrx_word' id='word_1_173' title='bbox 571 2746 689 2816; x_wconf 88' lang='lat' dir='ltr'><strong>omnis</strong></span> <span class='ocrx_word' id='word_1_174' title='bbox 708 2746 824 2817; x_wconf 88' lang='lat' dir='ltr'><strong>oratio</strong></span> <span class='ocrx_word' id='word_1_175' title='bbox 851 2757 1039 2842; x_wconf 86' lang='lat' dir='ltr'><strong>appareat,</strong></span> <span class='ocrx_word' id='word_1_176' title='bbox 1062 2741 1230 2841; x_wconf 88' lang='lat' dir='ltr'><strong>ejusdem</strong></span> <span class='ocrx_word' id='word_1_177' title='bbox 1247 2744 1418 2841; x_wconf 80' lang='lat' dir='ltr'><strong>Dionysii</strong></span> <span class='ocrx_word' id='word_1_178' title='bbox 1443 2742 1558 2815; x_wconf 81' lang='lat' dir='ltr'><strong>verba</strong></span> <span class='ocrx_word' id='word_1_179' title='bbox 1579 2770 1661 2817; x_wconf 87' lang='lat' dir='ltr'><strong>mea</strong></span> <span class='ocrx_word' id='word_1_180' title='bbox 1683 2743 1836 2819; x_wconf 75' lang='lat' dir='ltr'><strong>faeiams</strong></span> <span class='ocrx_word' id='word_1_181' title='bbox 1850 2744 1897 2799; x_wconf 69' lang='grc'><strong>53·</strong></span> 
     </span>
    </p>
   </div>
   <div class='ocr_carea' id='block_1_4' title="bbox 181 2856 1935 4200">
    <p class='ocr_par' dir='ltr' id='par_1_5' title="bbox 240 2856 1900 3065">
     <span class='ocr_line' id='line_1_20' title="bbox 240 2856 1899 2953; baseline 0.004 -31"><span class='ocrx_word' id='word_1_182' title='bbox 240 2864 242 2868; x_wconf 65' lang='lat'>‘</span> <span class='ocrx_word' id='word_1_183' title='bbox 291 2856 444 2942; x_wconf 75' lang='grc' dir='ltr'><strong>τοιαύτην</strong></span> <span class='ocrx_word' id='word_1_184' title='bbox 467 2862 506 2943; x_wconf 73' lang='lat' dir='ltr'><strong>de}</strong></span> <span class='ocrx_word' id='word_1_185' title='bbox 528 2860 718 2943; x_wconf 78' lang='grc' dir='ltr'><strong><em>καταλαβών</em></strong></span> <span class='ocrx_word' id='word_1_186' title='bbox 739 2863 798 2945; x_wconf 84' lang='grc' dir='ltr'><strong><em>τῆν</em></strong></span> <span class='ocrx_word' id='word_1_187' title='bbox 821 2856 989 2942; x_wconf 85' lang='grc' dir='ltr'><strong><em>πολιτικῆν</em></strong></span> <span class='ocrx_word' id='word_1_188' title='bbox 1012 2861 1098 2935; x_wconf 78' lang='grc' dir='ltr'><strong><em>λέξιν</em></strong></span> <span class='ocrx_word' id='word_1_189' title='bbox 1119 2859 1137 2922; x_wconf 81' lang='grc' dir='ltr'><em>ὅ</em></span> <span class='ocrx_word' id='word_1_190' title='bbox 1156 2863 1376 2942; x_wconf 72' lang='grc' dir='ltr'><strong><em>Δημοσθένης,</em></strong></span> <span class='ocrx_word' id='word_1_191' title='bbox 1409 2857 1475 2924; x_wconf 68' lang='lat' dir='ltr'><strong>dra&gt;</strong></span> <span class='ocrx_word' id='word_1_192' title='bbox 1503 2863 1707 2946; x_wconf 70' lang='grc' dir='ltr'><strong>κεκινημένην</strong></span> <span class='ocrx_word' id='word_1_193' title='bbox 1733 2860 1899 2953; x_wconf 70' lang='grc' dir='ltr'><strong><em>ποικίλως,</em></strong></span> 
     </span>
     <span class='ocr_line' id='line_1_21' title="bbox 292 2957 1900 3065; baseline 0.005 -42"><span class='ocrx_word' id='word_1_194' title='bbox 292 2961 348 3024; x_wconf 84' lang='grc' dir='ltr'><strong><em>καί</em></strong></span> <span class='ocrx_word' id='word_1_195' title='bbox 367 2958 549 3043; x_wconf 77' lang='grc' dir='ltr'><strong><em>τηλικούτοις</em></strong></span> <span class='ocrx_word' id='word_1_196' title='bbox 566 2965 762 3028; x_wconf 70' lang='grc' dir='ltr'><strong><em>έπεισελθάν</em></strong></span> <span class='ocrx_word' id='word_1_197' title='bbox 781 2961 946 3049; x_wconf 74' lang='grc' dir='ltr'><strong><em>ἀνδράσιν,</em></strong></span> <span class='ocrx_word' id='word_1_198' title='bbox 967 2957 1038 3035; x_wconf 78' lang='grc' dir='ltr'><strong><em>ἑκάς</em></strong></span> <span class='ocrx_word' id='word_1_199' title='bbox 1054 2962 1169 3036; x_wconf 76' lang='grc' dir='ltr'><strong><em>ἀθενάς</em></strong></span> <span class='ocrx_word' id='word_1_200' title='bbox 1186 2961 1471 3046; x_wconf 59' lang='grc' dir='ltr'><strong><em>η’ξάασεηενέσθαι</em></strong></span> <span class='ocrx_word' id='word_1_201' title='bbox 1493 2963 1645 3049; x_wconf 85' lang='grc' dir='ltr'><strong><em>ζηλωτῆς,</em></strong></span> <span class='ocrx_word' id='word_1_202' title='bbox 1659 2958 1719 3031; x_wconf 72' lang='grc' dir='ltr'><strong>ὅτε</strong></span> <span class='ocrx_word' id='word_1_203' title='bbox 1735 2969 1900 3065; x_wconf 67' lang='grc' dir='ltr'><strong><em>χρρακιῆ-</em></strong></span> 
     </span>
    </p>

    <p class='ocr_par' dir='ltr' id='par_1_6' title="bbox 181 3059 1935 4200">
     <span class='ocr_line' id='line_1_22' title="bbox 181 3059 1901 3151; baseline 0.006 -28"><span class='ocrx_word' id='word_1_204' title='bbox 181 3140 188 3151; x_wconf 86' lang='lat'><strong>.</strong></span> <span class='ocrx_word' id='word_1_205' title='bbox 293 3085 359 3143; x_wconf 87' lang='grc' dir='ltr'><strong><em>ρος,</em></strong></span> <span class='ocrx_word' id='word_1_206' title='bbox 390 3060 438 3127; x_wconf 75' lang='grc' dir='ltr'><strong>ἔτ’</strong></span> <span class='ocrx_word' id='word_1_207' title='bbox 460 3061 595 3145; x_wconf 77' lang='grc' dir='ltr'><strong><em>ἀνδρός·</em></strong></span> <span class='ocrx_word' id='word_1_208' title='bbox 618 3064 774 3148; x_wconf 80' lang='grc' dir='ltr'><strong><em>ῆμιέργυς</em></strong></span> <span class='ocrx_word' id='word_1_209' title='bbox 793 3064 882 3141; x_wconf 84' lang='grc' dir='ltr'><strong><em>τινάς</em></strong></span> <span class='ocrx_word' id='word_1_210' title='bbox 905 3061 1050 3138; x_wconf 77' lang='grc' dir='ltr'><strong><em>ἅπαντας</em></strong></span> <span class='ocrx_word' id='word_1_211' title='bbox 1071 3060 1216 3144; x_wconf 80' lang='grc' dir='ltr'><strong><em>οἰόμενος</em></strong></span> <span class='ocrx_word' id='word_1_212' title='bbox 1242 3059 1324 3128; x_wconf 81' lang='grc' dir='ltr'><strong><em>εἶναι</em></strong></span> <span class='ocrx_word' id='word_1_213' title='bbox 1347 3066 1401 3129; x_wconf 69' lang='grc' dir='ltr'><strong>καὶ</strong></span> <span class='ocrx_word' id='word_1_214' title='bbox 1422 3067 1561 3142; x_wconf 80' lang='grc' dir='ltr'><strong><em>ἀτελεῖς·</em></strong></span> <span class='ocrx_word' id='word_1_215' title='bbox 1583 3070 1616 3146; x_wconf 79' lang='grc' dir='ltr'><strong>ἔξ</strong></span> <span class='ocrx_word' id='word_1_216' title='bbox 1637 3066 1790 3136; x_wconf 78' lang='grc' dir='ltr'><strong><em>ἁπάντων</em></strong></span> <span class='ocrx_word' id='word_1_217' title='bbox 1809 3070 1901 3135; x_wconf 75' lang='grc' dir='ltr'><strong><em>δἀἀ-</em></strong></span> 
     </span>
     <span class='ocr_line' id='line_1_23' title="bbox 292 3159 1902 3252; baseline 0.006 -27"><span class='ocrx_word' id='word_1_218' title='bbox 292 3169 366 3242; x_wconf 72' lang='lat' dir='ltr'><strong>tois,</strong></span> <span class='ocrx_word' id='word_1_219' title='bbox 388 3159 449 3227; x_wconf 81' lang='grc' dir='ltr'><strong>άσα</strong></span> <span class='ocrx_word' id='word_1_220' title='bbox 471 3161 608 3248; x_wconf 87' lang='grc' dir='ltr'><strong><em>κράτισα</em></strong></span> <span class='ocrx_word' id='word_1_221' title='bbox 627 3167 682 3228; x_wconf 84' lang='grc' dir='ltr'><em>καί</em></span> <span class='ocrx_word' id='word_1_222' title='bbox 697 3163 932 3250; x_wconf 72' lang='grc' dir='ltr'><em>χρησιμώτατα</em></span> <span class='ocrx_word' id='word_1_223' title='bbox 951 3160 999 3249; x_wconf 76' lang='grc' dir='ltr'><strong><em>ῆν,</em></strong></span> <span class='ocrx_word' id='word_1_224' title='bbox 1020 3165 1233 3250; x_wconf 80' lang='grc' dir='ltr'><strong><em>ἐκλεγόμενος,</em></strong></span> <span class='ocrx_word' id='word_1_225' title='bbox 1254 3165 1443 3252; x_wconf 77' lang='grc' dir='ltr'><strong><em>συνύφαινε,</em></strong></span> <span class='ocrx_word' id='word_1_226' title='bbox 1464 3168 1520 3231; x_wconf 78' lang='grc' dir='ltr'><strong><em>καί</em></strong></span> <span class='ocrx_word' id='word_1_227' title='bbox 1536 3164 1615 3250; x_wconf 79' lang='grc' dir='ltr'><strong><em>μέαν</em></strong></span> <span class='ocrx_word' id='word_1_228' title='bbox 1629 3171 1665 3234; x_wconf 76' lang='grc' dir='ltr'><strong>ἐκ</strong></span> <span class='ocrx_word' id='word_1_229' title='bbox 1682 3175 1812 3237; x_wconf 71' lang='grc' dir='ltr'><strong><em>πολλυέν</em></strong></span> <span class='ocrx_word' id='word_1_230' title='bbox 1830 3166 1902 3236; x_wconf 61' lang='grc' dir='ltr'><strong>διά·</strong></span> 
     </span>
     <span class='ocr_line' id='line_1_24' title="bbox 291 3264 1900 3355; baseline 0.004 -26"><span class='ocrx_word' id='word_1_231' title='bbox 291 3275 402 3330; x_wconf 87' lang='grc' dir='ltr'><strong><em>λεκτον</em></strong></span> <span class='ocrx_word' id='word_1_232' title='bbox 422 3268 577 3348; x_wconf 78' lang='grc' dir='ltr'><strong><em>ἀπετέλει,</em></strong></span> <span class='ocrx_word' id='word_1_233' title='bbox 597 3272 833 3352; x_wconf 78' lang='grc' dir='ltr'><strong><em>μεγαλοπρεπῆ,</em></strong></span> <span class='ocrx_word' id='word_1_234' title='bbox 853 3265 960 3352; x_wconf 86' lang='grc' dir='ltr'><strong><em>λιτῆν·</em></strong></span> <span class='ocrx_word' id='word_1_235' title='bbox 982 3267 1144 3354; x_wconf 59' lang='grc' dir='ltr'><strong><em>περιψῆν,</em></strong></span> <span class='ocrx_word' id='word_1_236' title='bbox 1169 3271 1356 3354; x_wconf 75' lang='grc' dir='ltr'><strong><em>ἀπέριττον·</em></strong></span> <span class='ocrx_word' id='word_1_237' title='bbox 1385 3264 1623 3353; x_wconf 78' lang='grc' dir='ltr'><strong><em>ἔξηλλαγμένην,</em></strong></span> <span class='ocrx_word' id='word_1_238' title='bbox 1650 3267 1795 3355; x_wconf 72' lang='grc' dir='ltr'><strong><em>συνῆθη·</em></strong></span> <span class='ocrx_word' id='word_1_239' title='bbox 1818 3294 1900 3335; x_wconf 81' lang='grc' dir='ltr'><strong><em>παν·</em></strong></span> 
     </span>
     <span class='ocr_line' id='line_1_25' title="bbox 291 3362 1929 3458; baseline 0.005 -27"><span class='ocrx_word' id='word_1_240' title='bbox 291 3366 455 3451; x_wconf 74' lang='grc' dir='ltr'><strong><em>ηγυρικῆν,</em></strong></span> <span class='ocrx_word' id='word_1_241' title='bbox 492 3366 663 3451; x_wconf 72' lang='grc' dir='ltr'><strong><em>ἀληθινήν·</em></strong></span> <span class='ocrx_word' id='word_1_242' title='bbox 708 3370 861 3453; x_wconf 83' lang='grc' dir='ltr'><strong><em>αύςηράν,</em></strong></span> <span class='ocrx_word' id='word_1_243' title='bbox 893 3368 1025 3454; x_wconf 80' lang='grc' dir='ltr'><strong><em>ἱλαράν·</em></strong></span> <span class='ocrx_word' id='word_1_244' title='bbox 1056 3369 1216 3452; x_wconf 75' lang='grc' dir='ltr'><strong><em>σύντονον,</em></strong></span> <span class='ocrx_word' id='word_1_245' title='bbox 1247 3374 1430 3455; x_wconf 78' lang='grc' dir='ltr'><strong><em>ἀνειμένην·</em></strong></span> <span class='ocrx_word' id='word_1_246' title='bbox 1458 3375 1577 3456; x_wconf 80' lang='grc' dir='ltr'><strong><em>ῆδεῖαν,</em></strong></span> <span class='ocrx_word' id='word_1_247' title='bbox 1606 3365 1742 3458; x_wconf 84' lang='grc' dir='ltr'><strong><em>πικράν·</em></strong></span> <span class='ocrx_word' id='word_1_248' title='bbox 1771 3362 1929 3458; x_wconf 66' lang='grc' dir='ltr'><strong><em>ῆάικῆν,·</em></strong></span> 
     </span>
     <span class='ocr_line' id='line_1_26' title="bbox 292 3469 1900 3559; baseline 0.006 -26"><span class='ocrx_word' id='word_1_249' title='bbox 292 3469 491 3557; x_wconf 69' lang='grc' dir='ltr'><strong><em>παθητικῆν·</em></strong></span> <span class='ocrx_word' id='word_1_250' title='bbox 520 3472 595 3536; x_wconf 67' lang='lat' dir='ltr'><strong>eota</strong></span> <span class='ocrx_word' id='word_1_251' title='bbox 617 3470 854 3538; x_wconf 68' lang='grc' dir='ltr'><strong><em>διαλλάττουσαν</em></strong></span> <span class='ocrx_word' id='word_1_252' title='bbox 871 3478 913 3538; x_wconf 70' lang='grc' dir='ltr'><strong>οὔ</strong></span> <span class='ocrx_word' id='word_1_253' title='bbox 938 3477 1166 3555; x_wconf 71' lang='grc' dir='ltr'><strong><em>μεμυθευμένα</em></strong></span> <span class='ocrx_word' id='word_1_254' title='bbox 1188 3476 1275 3557; x_wconf 90' lang='grc' dir='ltr'><strong><em>παρά</em></strong></span> <span class='ocrx_word' id='word_1_255' title='bbox 1296 3482 1364 3547; x_wconf 83' lang='grc' dir='ltr'><strong><em>τοῖς</em></strong></span> <span class='ocrx_word' id='word_1_256' title='bbox 1388 3473 1535 3557; x_wconf 78' lang='grc' dir='ltr'><strong><em>ἀρχαίοις</em></strong></span> <span class='ocrx_word' id='word_1_257' title='bbox 1555 3483 1704 3558; x_wconf 76' lang='grc' dir='ltr'><strong><em>ποιηταῖς</em></strong></span> <span class='ocrx_word' id='word_1_258' title='bbox 1715 3478 1900 3559; x_wconf 63' lang='grc' dir='ltr'><strong><em>Ἡραιέως·</em></strong></span> 
     </span>
     <span class='ocr_line' id='line_1_27' title="bbox 293 3570 1902 3660; baseline 0.001 -21"><span class='ocrx_word' id='word_1_259' title='bbox 293 3576 328 3652; x_wconf 81' lang='grc' dir='ltr'><strong>ὃς</strong></span> <span class='ocrx_word' id='word_1_260' title='bbox 351 3573 480 3640; x_wconf 78' lang='grc' dir='ltr'><strong><em>ἅπασαν</em></strong></span> <span class='ocrx_word' id='word_1_261' title='bbox 499 3577 588 3640; x_wconf 78' lang='grc' dir='ltr'><strong><em>ι’ἀέαν</em></strong></span> <span class='ocrx_word' id='word_1_262' title='bbox 607 3579 737 3659; x_wconf 83' lang='grc' dir='ltr'><strong><em>μορφῆς</em></strong></span> <span class='ocrx_word' id='word_1_263' title='bbox 758 3576 895 3660; x_wconf 73' lang='grc' dir='ltr'><strong><em>ἀμογητὶ</em></strong></span> <span class='ocrx_word' id='word_1_264' title='bbox 912 3574 1167 3658; x_wconf 79' lang='grc' dir='ltr'><strong><em>μετελάμβανεν·</em></strong></span> <span class='ocrx_word' id='word_1_265' title='bbox 1191 3573 1254 3639; x_wconf 77' lang='grc' dir='ltr'><strong><em>εἴτε</em></strong></span> <span class='ocrx_word' id='word_1_266' title='bbox 1274 3574 1357 3656; x_wconf 74' lang='grc' dir='ltr'><strong><em>θεὸς,</em></strong></span> <span class='ocrx_word' id='word_1_267' title='bbox 1377 3570 1397 3658; x_wconf 84' lang='grc' dir='ltr'><strong><em>ῆ</em></strong></span> <span class='ocrx_word' id='word_1_268' title='bbox 1416 3575 1540 3657; x_wconf 60' lang='lat' dir='ltr'><strong>desistas</strong></span> <span class='ocrx_word' id='word_1_269' title='bbox 1558 3601 1608 3652; x_wconf 86' lang='grc' dir='ltr'><strong>τις</strong></span> <span class='ocrx_word' id='word_1_270' title='bbox 1627 3579 1746 3652; x_wconf 75' lang='grc' dir='ltr'><strong><em>ἐκεῖνος</em></strong></span> <span class='ocrx_word' id='word_1_271' title='bbox 1763 3573 1830 3660; x_wconf 87' lang='grc' dir='ltr'><strong><em>άριι</em></strong></span> <span class='ocrx_word' id='word_1_272' title='bbox 1849 3570 1902 3660; x_wconf 75' lang='grc' dir='ltr'><strong><em>ἦν,</em></strong></span> 
     </span>
     <span class='ocr_line' id='line_1_28' title="bbox 293 3674 1901 3767; baseline 0.002 -26"><span class='ocrx_word' id='word_1_273' title='bbox 293 3676 558 3763; x_wconf 81' lang='grc' dir='ltr'><strong><em>παρακρούμενος</em></strong></span> <span class='ocrx_word' id='word_1_274' title='bbox 581 3675 674 3760; x_wconf 77' lang='grc' dir='ltr'><strong><em>ὄφεις</em></strong></span> <span class='ocrx_word' id='word_1_275' title='bbox 693 3676 751 3754; x_wconf 90' lang='grc' dir='ltr'><strong>τάς</strong></span> <span class='ocrx_word' id='word_1_276' title='bbox 772 3678 990 3765; x_wconf 71' lang='grc' dir='ltr'><strong><em>ἀνθρωπίνας·</em></strong></span> <span class='ocrx_word' id='word_1_277' title='bbox 1015 3677 1079 3743; x_wconf 83' lang='grc' dir='ltr'><strong><em>εἴτε</em></strong></span> <span class='ocrx_word' id='word_1_278' title='bbox 1100 3680 1249 3743; x_wconf 81' lang='grc' dir='ltr'><strong><em>ἀιαλέκτο</em></strong></span> <span class='ocrx_word' id='word_1_279' title='bbox 1270 3674 1414 3741; x_wconf 78' lang='grc' dir='ltr'><strong><em>ποικίλον</em></strong></span> <span class='ocrx_word' id='word_1_280' title='bbox 1435 3676 1474 3758; x_wconf 69' lang='lat' dir='ltr'><strong>dr}</strong></span> <span class='ocrx_word' id='word_1_281' title='bbox 1494 3683 1606 3762; x_wconf 80' lang='grc' dir='ltr'><strong><em>χρῆμα</em></strong></span> <span class='ocrx_word' id='word_1_282' title='bbox 1627 3678 1779 3766; x_wconf 77' lang='grc' dir='ltr'><strong><em>ἔνάνδρί</em></strong></span> <span class='ocrx_word' id='word_1_283' title='bbox 1798 3683 1901 3767; x_wconf 69' lang='grc' dir='ltr'><strong><em>σοφῷ,</em></strong></span> 
     </span>
     <span class='ocr_line' id='line_1_29' title="bbox 295 3775 1902 3868; baseline 0.002 -25"><span class='ocrx_word' id='word_1_284' title='bbox 295 3779 401 3864; x_wconf 86' lang='grc' dir='ltr'><strong><em>πάσης</em></strong></span> <span class='ocrx_word' id='word_1_285' title='bbox 429 3783 591 3868; x_wconf 80' lang='grc' dir='ltr'><strong><em>ἀπατηλόν</em></strong></span> <span class='ocrx_word' id='word_1_286' title='bbox 616 3785 733 3867; x_wconf 88' lang='grc' dir='ltr'><strong><em>ἀκοῆς·</em></strong></span> <span class='ocrx_word' id='word_1_287' title='bbox 765 3781 784 3847; x_wconf 80' lang='grc' dir='ltr'><strong><em>ά</em></strong></span> <span class='ocrx_word' id='word_1_288' title='bbox 808 3788 931 3865; x_wconf 83' lang='grc' dir='ltr'><strong><em>μᾶλλον</em></strong></span> <span class='ocrx_word' id='word_1_289' title='bbox 961 3776 1001 3845; x_wconf 85' lang='grc' dir='ltr'><strong><em>ἀν</em></strong></span> <span class='ocrx_word' id='word_1_290' title='bbox 1029 3804 1078 3855; x_wconf 84' lang='grc' dir='ltr'><strong>τις</strong></span> <span class='ocrx_word' id='word_1_291' title='bbox 1107 3775 1281 3843; x_wconf 80' lang='grc' dir='ltr'><strong><em>εἰκάσειεν·</em></strong></span> <span class='ocrx_word' id='word_1_292' title='bbox 1310 3779 1420 3861; x_wconf 78' lang='grc' dir='ltr'><strong><em>ἐπειάῆ</em></strong></span> <span class='ocrx_word' id='word_1_293' title='bbox 1448 3781 1601 3858; x_wconf 87' lang='grc' dir='ltr'><strong><em>ταπεινάς</em></strong></span> <span class='ocrx_word' id='word_1_294' title='bbox 1632 3784 1688 3850; x_wconf 84' lang='grc' dir='ltr'><strong><em>καί</em></strong></span> <span class='ocrx_word' id='word_1_295' title='bbox 1714 3778 1902 3867; x_wconf 74' lang='grc' dir='ltr'><strong><em>ἀσχήμονας</em></strong></span> 
     </span>
     <span class='ocr_line' id='line_1_30' title="bbox 296 3876 1902 3970; baseline -0.001 -22"><span class='ocrx_word' id='word_1_296' title='bbox 296 3881 390 3965; x_wconf 80' lang='grc' dir='ltr'><strong><em>ὄφεις</em></strong></span> <span class='ocrx_word' id='word_1_297' title='bbox 410 3879 467 3948; x_wconf 72' lang='grc' dir='ltr'><strong><em>ὅτε</em></strong></span> <span class='ocrx_word' id='word_1_298' title='bbox 490 3891 588 3963; x_wconf 74' lang='grc' dir='ltr'><strong><em>θεοῖς,</em></strong></span> <span class='ocrx_word' id='word_1_299' title='bbox 612 3879 669 3949; x_wconf 75' lang='grc' dir='ltr'><strong>ἔτι</strong></span> <span class='ocrx_word' id='word_1_300' title='bbox 690 3883 832 3967; x_wconf 71' lang='grc' dir='ltr'><strong><em>δαίμοσι,</em></strong></span> <span class='ocrx_word' id='word_1_301' title='bbox 854 3881 1054 3970; x_wconf 80' lang='grc' dir='ltr'><strong><em>προσάπτειν</em></strong></span> <span class='ocrx_word' id='word_1_302' title='bbox 1076 3880 1185 3948; x_wconf 83' lang='grc' dir='ltr'><strong><em>άσιον·</em></strong></span> <span class='ocrx_word' id='word_1_303' title='bbox 1205 3881 1266 3964; x_wconf 77' lang='lat' dir='ltr'><strong>e&#39;yoi</strong></span> <span class='ocrx_word' id='word_1_304' title='bbox 1285 3880 1344 3960; x_wconf 81' lang='grc' dir='ltr'><strong>μὲν</strong></span> <span class='ocrx_word' id='word_1_305' title='bbox 1363 3876 1515 3964; x_wconf 76' lang='grc' dir='ltr'><strong><em>τοιαύτην</em></strong></span> <span class='ocrx_word' id='word_1_306' title='bbox 1534 3882 1606 3949; x_wconf 82' lang='grc' dir='ltr'><strong><em>τινά</em></strong></span> <span class='ocrx_word' id='word_1_307' title='bbox 1628 3881 1724 3964; x_wconf 74' lang='grc' dir='ltr'><strong><em>δόξαν</em></strong></span> <span class='ocrx_word' id='word_1_308' title='bbox 1743 3883 1826 3968; x_wconf 72' lang='grc' dir='ltr'><strong><em>ὑπὲρ</em></strong></span> <span class='ocrx_word' id='word_1_309' title='bbox 1846 3888 1902 3967; x_wconf 80' lang='grc' dir='ltr'><strong>τῆς</strong></span> 
     </span>
     <span class='ocr_line' id='line_1_31' title="bbox 296 3979 1904 4076; baseline -0.001 -23"><span class='ocrx_word' id='word_1_310' title='bbox 296 3988 510 4072; x_wconf 68' lang='grc' dir='ltr'><strong><em>Δημοσθένους</em></strong></span> <span class='ocrx_word' id='word_1_311' title='bbox 541 3989 654 4062; x_wconf 83' lang='grc' dir='ltr'><strong><em>λέξεως</em></strong></span> <span class='ocrx_word' id='word_1_312' title='bbox 679 3988 754 4071; x_wconf 74' lang='grc' dir='ltr'><strong><em>ἔχει,</em></strong></span> <span class='ocrx_word' id='word_1_313' title='bbox 776 3989 831 4054; x_wconf 84' lang='grc' dir='ltr'><strong><em>καί</em></strong></span> <span class='ocrx_word' id='word_1_314' title='bbox 859 3988 916 4053; x_wconf 85' lang='grc' dir='ltr'><strong><em>τάν</em></strong></span> <span class='ocrx_word' id='word_1_315' title='bbox 933 3990 1123 4072; x_wconf 76' lang='grc' dir='ltr'><strong><em>χαρακτῆρα</em></strong></span> <span class='ocrx_word' id='word_1_316' title='bbox 1140 3987 1237 4048; x_wconf 77' lang='grc' dir='ltr'><strong><em>τέτον</em></strong></span> <span class='ocrx_word' id='word_1_317' title='bbox 1257 3979 1437 4063; x_wconf 65' lang='lat' dir='ltr'><strong>anathom</strong></span> <span class='ocrx_word' id='word_1_318' title='bbox 1460 3986 1556 4076; x_wconf 77' lang='grc' dir='ltr'><strong>αάιηῖ,</strong></span> <span class='ocrx_word' id='word_1_319' title='bbox 1575 3989 1632 4053; x_wconf 86' lang='grc' dir='ltr'><strong><em>τάν</em></strong></span> <span class='ocrx_word' id='word_1_320' title='bbox 1651 3990 1684 4066; x_wconf 75' lang='grc' dir='ltr'><strong>ἐξ</strong></span> <span class='ocrx_word' id='word_1_321' title='bbox 1703 3982 1834 4074; x_wconf 77' lang='grc' dir='ltr'><strong><em>ἀπάσης</em></strong></span> <span class='ocrx_word' id='word_1_322' title='bbox 1850 4012 1904 4070; x_wconf 89' lang='grc' dir='ltr'><strong><em>μι-</em></strong></span> 
     </span>
     <span class='ocr_line' id='line_1_32' title="bbox 294 4080 1935 4200; baseline 0.008 -42"><span class='ocrx_word' id='word_1_323' title='bbox 294 4080 374 4163; x_wconf 64' lang='lat' dir='ltr'><strong>&#39;arata</strong></span> <span class='ocrx_word' id='word_1_324' title='bbox 396 4097 493 4173; x_wconf 75' lang='grc' dir='ltr'><strong>ἰδέας.</strong></span> <span class='ocrx_word' id='word_1_325' title='bbox 512 4088 614 4164; x_wconf 87' lang='lat' dir='ltr'><strong>Illud</strong></span> <span class='ocrx_word' id='word_1_326' title='bbox 634 4106 768 4187; x_wconf 88' lang='lat' dir='ltr'><strong>autem,</strong></span> <span class='ocrx_word' id='word_1_327' title='bbox 793 4095 900 4200; x_wconf 90' lang='lat' dir='ltr'><strong>quod</strong></span> <span class='ocrx_word' id='word_1_328' title='bbox 920 4095 1093 4185; x_wconf 87' lang='lat' dir='ltr'><strong>dicimus,</strong></span> <span class='ocrx_word' id='word_1_329' title='bbox 1112 4091 1289 4166; x_wconf 88' lang='lat' dir='ltr'><strong>orationis</strong></span> <span class='ocrx_word' id='word_1_330' title='bbox 1305 4114 1421 4190; x_wconf 77' lang='lat' dir='ltr'><strong>genus</strong></span> <span class='ocrx_word' id='word_1_331' title='bbox 1440 4094 1622 4170; x_wconf 89' lang='lat' dir='ltr'><strong>nonnulla</strong></span> <span class='ocrx_word' id='word_1_332' title='bbox 1636 4088 1778 4186; x_wconf 77' lang='lat' dir='ltr'><strong>hebuit,</strong></span> <span class='ocrx_word' id='word_1_333' title='bbox 1800 4118 1897 4197; x_wconf 87' lang='lat' dir='ltr'><strong>quae</strong></span> <span class='ocrx_word' id='word_1_334' title='bbox 1927 4100 1935 4109; x_wconf 83' lang='lat'>&#39;</span> 
     </span>
    </p>
   </div>
   <div class='ocr_carea' id='block_1_5' title="bbox 302 4298 595 4313">
    <p class='ocr_par' dir='ltr' id='par_1_7' title="bbox 302 4298 595 4313">
     <span class='ocr_line' id='line_1_33' title="bbox 302 4298 595 4313; baseline 0.01 -3"><span class='ocrx_word' id='word_1_335' title='bbox 302 4298 595 4313; x_wconf 59' lang='lat' dir='ltr'><strong>m</strong></span> 
     </span>
    </p>
   </div>
   <div class='ocr_carea' id='block_1_6' title="bbox 379 4450 1916 4660">
    <p class='ocr_par' dir='ltr' id='par_1_8' title="bbox 379 4450 1916 4660">
     <span class='ocr_line' id='line_1_34' title="bbox 379 4450 1916 4556; baseline 0.003 -27"><span class='ocrx_word' id='word_1_336' title='bbox 379 4467 425 4528; x_wconf 72' lang='grc'><strong>50.</strong></span> <span class='ocrx_word' id='word_1_337' title='bbox 444 4467 535 4530; x_wconf 75' lang='lat' dir='ltr'><strong>Oret.</strong></span> <span class='ocrx_word' id='word_1_338' title='bbox 548 4466 580 4530; x_wconf 73' lang='lat'><strong>2.</strong></span> <span class='ocrx_word' id='word_1_339' title='bbox 664 4466 710 4539; x_wconf 80' lang='lat'><strong>5¹.</strong></span> <span class='ocrx_word' id='word_1_340' title='bbox 728 4469 864 4535; x_wconf 71' lang='lat' dir='ltr'><strong>Institat.</strong></span> <span class='ocrx_word' id='word_1_341' title='bbox 880 4482 959 4538; x_wconf 79' lang='lat' dir='ltr'><strong>orat.</strong></span> <span class='ocrx_word' id='word_1_342' title='bbox 968 4474 1011 4537; x_wconf 82' lang='lat' dir='ltr'><strong>X.</strong></span> <span class='ocrx_word' id='word_1_343' title='bbox 1023 4474 1050 4534; x_wconf 91' lang='lat'><strong>1.</strong></span> <span class='ocrx_word' id='word_1_344' title='bbox 1061 4465 1111 4535; x_wconf 79' lang='lat'><strong>76.</strong></span> <span class='ocrx_word' id='word_1_345' title='bbox 1197 4468 1243 4532; x_wconf 80' lang='lat'><strong>52.</strong></span> <span class='ocrx_word' id='word_1_346' title='bbox 1263 4468 1313 4534; x_wconf 88' lang='lat' dir='ltr'><strong>De</strong></span> <span class='ocrx_word' id='word_1_347' title='bbox 1327 4471 1587 4554; x_wconf 73' lang='lat' dir='ltr'><strong>compositrerh.</strong></span> <span class='ocrx_word' id='word_1_348' title='bbox 1608 4471 1680 4537; x_wconf 81' lang='lat' dir='ltr'><strong>vot.</strong></span> <span class='ocrx_word' id='word_1_349' title='bbox 1692 4468 1732 4538; x_wconf 83' lang='lat' dir='ltr'><strong>V.</strong></span> <span class='ocrx_word' id='word_1_350' title='bbox 1750 4450 1821 4556; x_wconf 68' lang='lat' dir='ltr'><strong>paq.</strong></span> <span class='ocrx_word' id='word_1_351' title='bbox 1834 4466 1916 4538; x_wconf 76' lang='lat'><strong>133..</strong></span> 
     </span>
     <span class='ocr_line' id='line_1_35' title="bbox 492 4568 1908 4660; baseline 0.004 -31"><span class='ocrx_word' id='word_1_352' title='bbox 492 4574 539 4635; x_wconf 78' lang='lat'><strong>53.</strong></span> <span class='ocrx_word' id='word_1_353' title='bbox 558 4573 608 4635; x_wconf 93' lang='lat' dir='ltr'><strong>De</strong></span> <span class='ocrx_word' id='word_1_354' title='bbox 629 4568 782 4635; x_wconf 75' lang='lat' dir='ltr'><strong>admissi).</strong></span> <span class='ocrx_word' id='word_1_355' title='bbox 804 4575 837 4635; x_wconf 79' lang='lat' dir='ltr'><strong>vi</strong></span> <span class='ocrx_word' id='word_1_356' title='bbox 856 4573 917 4638; x_wconf 84' lang='lat' dir='ltr'><strong>dic.</strong></span> <span class='ocrx_word' id='word_1_357' title='bbox 940 4574 973 4638; x_wconf 89' lang='lat' dir='ltr'><strong>in</strong></span> <span class='ocrx_word' id='word_1_358' title='bbox 987 4575 1152 4641; x_wconf 64' lang='lat' dir='ltr'><strong>Demosthe</strong></span> <span class='ocrx_word' id='word_1_359' title='bbox 1170 4575 1242 4641; x_wconf 84' lang='lat' dir='ltr'><strong>vot.</strong></span> <span class='ocrx_word' id='word_1_360' title='bbox 1260 4577 1315 4640; x_wconf 86' lang='lat' dir='ltr'><strong>vt.</strong></span> <span class='ocrx_word' id='word_1_361' title='bbox 1335 4597 1404 4660; x_wconf 78' lang='lat' dir='ltr'><strong>pag.</strong></span> <span class='ocrx_word' id='word_1_362' title='bbox 1425 4570 1496 4640; x_wconf 78' lang='lat'><strong>974.</strong></span> <span class='ocrx_word' id='word_1_363' title='bbox 1516 4598 1601 4660; x_wconf 83' lang='lat' dir='ltr'><strong>seqq.</strong></span> <span class='ocrx_word' id='word_1_364' title='bbox 1621 4576 1703 4640; x_wconf 84' lang='lat' dir='ltr'><strong>conf.</strong></span> <span class='ocrx_word' id='word_1_365' title='bbox 1723 4596 1794 4659; x_wconf 76' lang='lat' dir='ltr'><strong>pag.</strong></span> <span class='ocrx_word' id='word_1_366' title='bbox 1815 4572 1908 4635; x_wconf 78' lang='lat'><strong>1112.</strong></span> 
     </span>
    </p>
   </div>
   <div class='ocr_carea' id='block_1_7' title="bbox 0 0 2201 5536">
    <p class='ocr_par' dir='ltr' id='par_1_9' title="bbox 0 0 2201 5536">
     <span class='ocr_line' id='line_1_36' title="bbox 0 0 2201 5536; baseline 0 0"><span class='ocrx_word' id='word_1_367' title='bbox 0 0 2201 5536; x_wconf 95' lang='lat' dir='ltr'><strong> </strong></span> 
     </span>
    </p>
   </div>
  </div>
 </body>
</html>
