4364 5536
940 510 1248 599 -127-

292 727 393 803 diae
418 725 689 802 comoediae
712 728 896 863 poetam
920 702 1135 800 habitum
1159 750 1268 802 esse.
1296 724 1341 800 V
1359 725 1479 802 Brbl
1502 726 1639 805 Coisl.
1664 758 1700 834 p
1693 740 1799 810 597
1816 734 1889 807 cll

189 828 192 833 ⁴
290 851 430 922 Aaron.
456 848 533 920 l..l

386 1089 469 1160 Jam
493 1107 584 1161 vero
607 1087 836 1178 accedamus,
856 1084 961 1186 quod
987 1100 1040 1160 est
1062 1087 1332 1184 gravissimum,
1352 1088 1399 1162 ad
1410 1086 1677 1194 explicandam
1697 1093 1890 1180 rationem,
1935 1165 1937 1168 a

289 1238 360 1310 qua
395 1235 575 1311 personae
611 1211 649 1282 in
681 1208 751 1281 boc
777 1234 912 1308 genere
940 1206 1145 1307 descriptae
1177 1207 1395 1302 videantur,
1433 1209 1481 1283 de
1514 1236 1592 1309 qua
1617 1209 1741 1283 dicere
1765 1236 1891 1312 aggre-

289 1330 385 1419 diar,
404 1333 433 1403 si
455 1356 571 1431 pauca
590 1330 694 1430 prius
716 1329 763 1402 de
787 1321 979 1402 hominum
1003 1345 1082 1402 tum
1100 1331 1305 1402 viventium
1325 1330 1498 1404 illusione
1519 1330 1661 1402 dixero.
1715 1330 1893 1404 Homines

288 1449 504 1522 nominatim
532 1451 570 1520 in
595 1449 695 1523 Pluti
721 1450 846 1523 fabula
872 1449 1047 1540 describi,
1083 1453 1119 1523 in
1149 1465 1327 1550 promptu
1352 1465 1417 1538 est,
1443 1463 1564 1523 tamen
1592 1447 1718 1521 ditfen
1737 1450 1890 1523 notandi

288 1567 381 1647 ratio
407 1569 576 1642 aveteris
602 1569 812 1644 comoediae
835 1595 950 1642 more.
1003 1567 1077 1663 Qui
1100 1569 1257 1641 enimin
1280 1571 1434 1668 antiqua
1459 1568 1650 1641 comoedia
1675 1568 1891 1658 describun-

287 1702 362 1777 tur,
384 1688 409 1759 ii
435 1685 602 1759 homiues
630 1691 891 1778 αοτοπροσώπας
917 1689 1043 1764 induci
1064 1690 1185 1763 solent
1206 1689 1371 1789 talesque
1391 1703 1490 1779 sunt,
1530 1690 1596 1788 qui
1624 1690 1720 1762 vitiis
1743 1716 1813 1789 per
1836 1706 1889 1765 to·

286 1824 362 1881 tam
388 1807 554 1880 fabulam
576 1808 801 1909 exagitandis
821 1810 994 1884 obstricti
1021 1809 1422 1899 manime'videautur.¹
1466 1810 1547 1882 Hoc
1574 1808 1684 1908 longe
1708 1810 1812 1884 secus
1838 1828 1890 1885 est

286 1928 387 2030 apud
412 1929 555 2018 medios
586 1944 727 2031 poetas,
768 1955 854 2018 cum
883 1955 1006 2031 neque
1038 1928 1205 2003 homines
1236 1931 1496 2019 αστοπροσώπως
1531 1929 1708 2003 inducere
1739 1931 1889 2021 vellent,

285 2078 408 2152 neque
423 2074 598 2152 personas
614 2053 722 2126 certis
744 2048 956 2144 hominibus
973 2050 1178 2123 'simillimas
1200 2051 1376 2139 formare,
1402 2046 1509 2149 cujus
1528 2053 1581 2124 rei
1599 2053 1697 2125 testis
1716 2067 1771 2126 est
1788 2054 1889 2126 Ano·

285 2198 432 2272 nymus,
470 2199 547 2274 quo
576 2199 690 2274 quem
722 2169 1007 2270 locupletiorem
1037 2170 1191 2263 laudare
1222 2196 1429 2274 possumus:
1448 2172 1492 2231 ¹³·
1519 2177 1558 2239 ου’
1569 2175 1634 2258 μὴν
1646 2176 1720 2239 οὐδὲ
1731 2174 1771 2239 τὰ
1790 2201 1900 2261 προσ·

206 2360 212 2370 ,
287 2299 389 2354 aneta
414 2288 637 2376 ὁμοιοτρόπως
664 2299 731 2365 τοῖς
759 2290 794 2354 ἐν
811 2291 851 2373 τῇ
871 2292 992 2372 παλαιᾷ
1014 2288 1165 2375 κωμῳὸιζι
1192 2292 1500 2372 κατεσκευασμένοις
1521 2288 1672 2370 εἰσῆγον.
1688 2286 1723 2350 ἐν
1748 2290 1807 2367 μὲν
1827 2286 1888 2369 γὰρ

287 2398 327 2478 τῇ
348 2398 470 2476 παλαιᾷ
489 2394 615 2469 εἴκαζον
633 2394 675 2455 τὰ
696 2399 884 2474 προσωπεῖα
904 2399 972 2462 τοῖς
992 2392 1269 2474 κωμῳδουμένοις,
1300 2395 1369 2472 ἵνα,
1397 2391 1473 2475 πρίν
1495 2416 1527 2456 τι
1548 2390 1602 2454 κατ’
1621 2386 1698 2463 τούς
1715 2388 1891 2473 ὑποκριτάς

288 2495 402 2568 εἰπεῖν,
430 2486 716 2577 ὄκωμιιιδοιὶμενος
738 2492 774 2553 ἐκ
794 2493 851 2570 τῆς
870 2487 1059 2579 ὁμοιότητος
1084 2496 1142 2571 τῆς
1164 2488 1272 2569 ὄψεως
1293 2491 1470 2575 κατάδηλος
1491 2489 1527 2578 ᾖ·
1558 2493 1592 2556 ἓν
1615 2493 1651 2554 δὲ
1671 2495 1711 2576 τῇ
1730 2495 1813 2577 μέσῃ
1836 2494 1891 2554 κατ’

288 2609 341 2691 νὲιν.
368 2600 517 2689 κωμῳὸιξι
538 2585 684 2684 ἐπίτηδες
704 2597 752 2686 τὰ,
764 2608 953 2686 προσωπεῖα
974 2598 1054 2680 πρός
1074 2597 1109 2660 τὸ
1131 2595 1333 2684 γελοιότερον
1354 2599 1622 2686 ἐδιμιούρμιισαν.
1693 2594 1799 2689 Quid
1820 2624 1887 2685 ²au-

285 2733 361 2790 tem
383 2741 512 2789 causac
532 2713 658 2803 suerit,
675 2724 749 2786 'cur
766 2693 910 2812 prioris
924 2714 1047 2784 aetatis
1073 2711 1223 2784 libertas
1249 2710 1497 2812 frangeretur,
1531 2729 1584 2804 ut,
1606 2739 1720 2814 quem
1738 2717 1889 2808 vellent,

287 2861 459 2938 expresso
484 2818 635 2905 nomine
660 2846 790 2931 poetae
815 2858 891 2905 non
913 2831 1221 2933 perstringerent,
1242 2831 1283 2905 id
1308 2832 1465 2938 quidem
1488 2836 1625 2935 cuique
1649 2840 1891 2940 perspicuum

285 2958 366 3045 erit,
380 2955 445 3056 qui
461 2952 633 3052 publicae
651 2955 743 3026 vitae
764 2955 922 3026 rationes
944 2955 1124 3026 memoria
1146 2947 1315 3053 repetere
1335 2954 1507 3026 voluerit.
1544 2955 1714 3049 Accedit,
1739 2975 1781 3034 ut
1795 2987 1888 3034 non·
1971 3031 1975 3039 .

285 3075 390 3150 nulla
415 3073 618 3162 evenirent,
647 3098 693 3144 ex
723 3074 862 3173 quibus
885 3089 961 3148 tota
986 3101 1044 3147 res
1071 3086 1261 3209 appareat,
1295 3084 1467 3171 (suaeque
1493 3076 1673 3148 comicam
1701 3077 1888 3154 licentiam

285 3195 509 3273 intercidere
545 3207 704 3294 possent.
764 3191 962 3265 Traditum
993 3209 1046 3266 est
1085 3195 1199 3281 enim,
1238 3189 1557 3292 quemadmodum
1590 3192 1690 3268 docti
1722 3195 1888 3274 homines

189 3392 191 3396 a
286 3315 541 3404 ostenderunt,
569 3312 794 3412 Morychide
821 3313 1011 3404 archonte,
1053 3313 1205 3415 Olymp.
1232 3299 1424 3382 LXXXV
1457 3322 1486 3383 1.
1516 3305 1637 3409 legem
1660 3337 1737 3386 esse
1765 3314 1886 3407 latam,

276 3470 330 3515 ,ue
349 3440 435 3540 quis
459 3437 678 3509 nominatim
704 3437 743 3506 in
768 3436 960 3510 comoedia
985 3433 1236 3537 derideretur,
1262 3454 1417 3530 eamque
1434 3425 1666 3528 Euthymene
1692 3434 1882 3527 archonte

286 3563 453 3663 Olymp.
465 3556 659 3631 LXXXV
687 3561 722 3632 4.
749 3556 931 3631 sublatam
957 3582 1045 3630 esse
1097 3553 1185 3660 Quo
1212 3553 1368 3655 quidem
1391 3549 1471 3624 lieri
1497 3552 1631 3651 potuit,
1676 3568 1717 3627 ut
1743 3581 1886 3634 comoe-

285 3682 366 3775 diae
392 3682 581 3780 integritas
603 3677 783 3781 paulatim
815 3676 976 3768 rediret3
1018 3675 1124 3749 brevi
1158 3688 1279 3746 tamen
1308 3690 1391 3775 post
1416 3675 1629 3775 Syracusios
1656 3675 1811 3776 quidam
1836 3679 1886 3754 le-

285 3831 366 3902 gem
392 3803 520 3876 tulisse
547 3801 669 3875 fertur
692 3799 745 3892 μῆ.
759 3806 984 3890 κωμῳδεῖσθαι
1005 3803 1166 3882 ὀνομαστί
1177 3823 1257 3880 τινα,
1296 3796 1343 3870 ad
1373 3795 1524 3898 Olymp.
1547 3792 1648 3887 XCI,
1682 3811 1712 3873 1.
1750 3802 1887 3875 aMel·

286 3925 393 3997 nckio
417 3924 580 3997 relatam.
597 3919 640 3979 ¹4·
692 3920 798 4014 Quae
822 3919 886 3990 etsi
912 3941 988 3988 non
1015 3916 1080 3990 diu
1101 3918 1229 4008 valuit,
1246 3944 1288 3990 ca
1312 3932 1433 3989 tamen
1455 3931 1577 3989 secuta
1596 3933 1683 3993 sunt
1703 3935 1886 4023 tempora,

285 4072 379 4148 quae
411 4060 608 4146 poetarum
631 4039 806 4114 audaciae
834 4037 1005 4138 pericula
1032 4035 1280 4127 intenderent,
1325 4051 1367 4109 ut
1391 4035 1621 4114 admirabilis
1647 4023 1713 4116 illa
1737 4042 1785 4116 de
1809 4044 1885 4117 Eu·

284 4165 423 4310 polidis
446 4191 535 4238 nece
557 4160 644 4262 fingi
666 4174 789 4261 posset
810 4161 989 4249 narratio,
1012 4186 1108 4260 quae
1122 4158 1308 4260 Anonymi
1325 4157 1425 4231 hisce
1443 4158 1566 4233 verbis
1580 4165 1827 4240 contineatur:
1842 4169 1886 4226 ¹⁵

284 4286 376 4369 ἴσμεν
393 4289 471 4368 γοῦν
491 4307 547 4350 τον
566 4276 744 4346 Εὔπολιν
728 4276 782 4342 sai
801 4302 845 4365 τῳ
831 4259 994 4357 διδαξαι
1014 4300 1090 4351 τους
1110 4271 1245 4350 Βάπτας
1269 4276 1533 4361 αποπνιγένια’
1502 4301 1548 4353 τις
1570 4277 1628 4362 τὴν
1648 4274 1854 4352 mtaaaav‘
1836 4303 1889 4348 νιν

300 4415 601 4437 Μ

369 4507 414 4568 ts
434 4499 526 4585 Apud
546 4496 691 4560 Diudsrs.
720 4517 789 4579 pag.
810 4496 875 4560 Vll
976 4496 1019 4563 ll.
1041 4499 1171 4576 Quaest.
1193 4513 1275 4557 seen.
1298 4491 1464 4576 speeiml
1494 4514 1561 4578 pag
1581 4489 1631 4554 34.
1730 4497 1774 4564 15.
1795 4499 1887 4578 Apud

481 4601 627 4670 Dindorf.
649 4621 718 4684 pag.
739 4599 779 4667 V.
800 4599 852 4664 Vl
