4364 5536
840 398 1383 560 1-1262-7

386 685 502 784 Quod
526 700 648 785 putem
672 685 834 760 alterum
867 685 1152 784 genus-attinet,
1192 685 1232 757 in
1256 686 1588 786 quotragicorum
1611 686 1768 786 spiritus
1792 711 1887 767 non.

287 836 493 910 numquam
517 810 738 910 percipitur,
773 804 953 908 quodque
981 807 1173 906 antiquam
1198 805 1429 879 comoediam
1452 810 1614 880 maxime
1638 807 1797 906 attingit:
1830 807 1894 883 lur-
1929 801 1948 816 ⁹

286 931 419 1006 bemus
447 946 649 1005 extremam
674 930 773 1004 Pluti
802 942 959 1030 partem,
998 953 1094 1027 quae
1120 925 1194 999 hue
1218 927 1407 1025 pertinere
1433 926 1615 1002 videatur.
1669 929 1768 1003 llaec
1790 932 1893 1004 enim

290 1052 471 1152 ejusmodi
505 1069 570 1144 est,
609 1068 651 1127 ut
686 1080 773 1127 cum
804 1049 939 1124 acerba
970 1047 1142 1120 irrisione
1175 1041 1374 1146 conjungat
1397 1051 1573 1148 tragicam
1597 1051 1893 1127 commotionem.

289 1171 648 1247 ReduciturPlutus
673 1173 711 1244 in
738 1174 934 1271 pristinam
957 1167 1098 1260 sedem,
1122 1165 1186 1240 ubi
1211 1182 1294 1240 ante
1313 1167 1501 1244 funestum
1523 1171 1668 1244 bellum
1692 1171 1895 1249 collocatus

289 1307 385 1385 erat3
412 1294 552 1369 itineris
576 1293 665 1365 socii
686 1304 773 1365 sunt
796 1288 968 1364 sacerdos
992 1290 1088 1363 fame
1115 1288 1303 1381 laborans,
1328 1290 1452 1364 vetula
1477 1290 1729 1390 voluptatibus
1756 1291 1896 1384 dedita,

290 1412 453 1513 denique
478 1427 636 1515 agrestes
660 1410 875 1484 homines&
910 1411 1030 1512 Magis
1056 1413 1165 1485 etiam
1191 1411 1309 1483 oratio
1335 1408 1383 1482 ad
1408 1411 1718 1511 commovendum
1744 1400 1898 1517 compo-

289 1536 355 1607 sita
376 1548 429 1608 est
455 1534 493 1606 in
508 1535 641 1606 Peniae
660 1533 798 1624 verbis,
810 1533 835 1590 9.
856 1531 962 1632 cujus
987 1557 1052 1604 ore
1079 1533 1156 1630 ipse
1180 1543 1290 1628 poeta
1309 1528 1490 1630 loquitur,
1516 1545 1557 1604 ut
1573 1529 1772 1630 admoneat
1790 1558 1894 1611 senes

292 1634 443 1727 avaritia
470 1655 685 1728 obcaecatos
707 1653 755 1727 de
780 1680 868 1725 vera
893 1655 988 1725 vitae
1013 1652 1201 1741 felicitate,
1224 1651 1379 1750 quaein
1404 1649 1514 1724 bonis
1538 1650 1897 1757 inaequabiliterdi⁴

290 1776 376 1847 visis
400 1777 581 1849 consistat.
634 1775 826 1870 Quantum
850 1772 1014 1873 denique
1038 1784 1147 1871 poeta
1170 1794 1216 1841 ex
1243 1767 1370 1869 lyricis
1399 1770 1535 1847 afferre
1561 1772 1738 1868 voluerit,
1762 1774 1805 1851 id
1827 1801 1887 1851 co-

290 1897 417 1995 gnosci
437 1897 596 1969 maxime
622 1893 734 1968 debet
758 1919 803 1967 ex
829 1889 933 1965 chori
954 1903 1067 1963 cantu
1092 1887 1200 1961 valde
1222 1891 1427 1966 imminuto.
1443 1894 1488 1954 ¹⁰·

146 2158 150 2163 ·
281 2219 284 2223 ,
388 2133 599 2236 Adjiciatur
625 2135 763 2208 mentio
801 2157 933 2207 eorum
962 2145 1172 2232 poetarum,
1212 2133 1278 2232 qui
1308 2135 1501 2233 praecipui
1533 2134 1659 2211 medio
1690 2140 1729 2212 in
1756 2163 1892 2237 genere

292 2257 404 2330 fuisse
422 2255 636 2347 traduntur,
658 2255 824 2329 Alexidis
850 2252 1129 2353 etAntiphanis,
1152 2267 1205 2341 ut,
1224 2250 1319 2351 quid
1337 2254 1523 2327 sententiis
1543 2254 1895 2351 valuerint„intelli-

292 2392 410 2476 gatur.
463 2375 595 2451 Omnis
619 2393 742 2450 autem
768 2379 932 2478 quaestio
958 2377 1086 2475 paucis
1108 2373 1249 2446 absolvi
1280 2386 1411 2472 potest,
1435 2397 1521 2444 cum
1547 2373 1759 2467 habeamus,
1786 2375 1894 2477 cujus

293 2497 502 2571 doctrinam
526 2497 630 2597 sequi
654 2497 870 2596 possimuss
899 2494 966 2567 Est
989 2507 1112 2564 autem
1131 2490 1352 2582 Meinelrius,
1378 2492 1444 2590 qui
1471 2490 1517 2564 de
1537 2491 1693 2567 Alexide
1718 2492 1810 2570 haec
1835 2495 1895 2571 lm·

291 2616 429 2690 bet:¹¹·
468 2616 627 2716 Neque
654 2614 770 2715 quid
795 2627 986 2687 veteres
1011 2642 1061 2687 ea
1086 2614 1214 2689 de‘re
1239 2611 1480 2688 senserint
1503 2617 1793 2714 compertum
1816 2616 1894 2692 lra-

292 2738 471 2825 bemus,
504 2737 594 2807 nisi
626 2730 749 2833 quod
783 2731 1079 2807 festivitatis
1111 2734 1298 2808 laudem
1325 2735 1364 2806 ei
1396 2732 1757 2810 tribuitAthen.
1781 2734 1825 2809 ll.
1851 2763 1889 2839 p

294 2863 350 2932 59.
378 2855 414 2927 lt.
441 2853 589 2953 idque
615 2854 878 2926 rectissime
906 2851 1080 2930 fecisse
1102 2855 1412 2946 Athenaeum,
1436 2852 1511 2927 vel
1537 2882 1590 2928 ex
1614 2854 1894 2960 fragmentis

294 2974 611 3075 perspicitur,
641 2993 840 3069 quorum
865 2968 976 3044 haee
1002 2973 1191 3048 indoles
1215 2990 1303 3066 est,
1338 2987 1386 3046 ut
1409 2969 1625 3048 Alexidis
1654 2972 1701 3049 in
1725 2962 1904 3053 summa-

293 3092 470 3192 ingenii
497 3090 709 3163 ubertate
734 3091 903 3162 mirum
925 3090 1189 3193 elegantiae
1215 3094 1458 3193 omnisque
1487 3098 1677 3195 generis
1700 3096 1897 3175 facetia·

215 3262 220 3270 1
293 3243 395 3290 rum
426 3211 635 3287 studium
669 3206 818 3294 fuisse
851 3213 1198 3316 intelligamus.
1249 3216 1354 3290 Idem
1385 3218 1560 3319 scriptor,
1596 3218 1692 3320 quid
1721 3216 1771 3297 de
1793 3220 1898 3297 Anti·

292 3339 413 3439 phane
436 3332 671 3409 statuendum
696 3334 754 3422 sit,
787 3358 855 3407 nos
882 3334 1018 3407 docere
1040 3335 1160 3409 voluit
1182 3334 1238 3409 his
1261 3338 1401 3412 verbis:
1417 3341 1463 3401 12.
1513 3341 1576 3414 De
1601 3326 1744 3444 poesi
1761 3340 1914 3417 Anti--

292 3457 456 3560 phanis
480 3468 662 3527 veteres
683 3454 747 3525 ita
772 3451 1069 3551 judicarunt,
1097 3468 1144 3527 ut
1170 3481 1269 3530 eum
1296 3474 1338 3533 et
1362 3458 1624 3562 eloquendi
1647 3478 1693 3539 et
1714 3488 1898 3567 compo·

292 3575 435 3651 nendi
480 3589 578 3647 arte
621 3575 918 3674 praestitisse
957 3590 1223 3668 censerent,
1280 3568 1672 3680 quemadmodum
1717 3582 1897 3661 diserte

293 3712 493 3772 testatur
522 3695 792 3796 Anonymus
829 3694 886 3769 de
915 3695 1030 3771 Com.
1075 3722 1112 3797 p.
1133 3693 1260 3770 XXX.
1299 3711 1504 3788 γενέσθαι
1534 3711 1576 3774 δὲ
1606 3708 1900 3797 ttyoeervuv‘·

293 3824 365 3888 τὸν
399 3823 691 3907 εὐφυέστατον
721 3821 781 3893 εἰς
811 3818 1070 3908 τόγράφειν
1103 3823 1175 3888 καί
1206 3820 1564 3908 δραματοποιὲϊν.
1636 3808 1899 3900 suavitatis

294 3955 338 4014 et
370 3936 635 4035 elegantiae
667 3932 859 4009 laudem
893 3935 934 4006 ei
969 3931 1373 4046 impertitAtlren.
1394 3937 1421 4010 1.
1457 3967 1495 4040 p.
1519 3950 1576 4019 27.
1603 3920 1726 4020 MV.
1749 3972 1788 4048 p.
1816 3952 1896 4026 156.

295 4088 325 4132 e.
351 4062 431 4135 186.
466 4052 502 4126 d.
542 4052 924 4155 fragmentorum
963 4053 1124 4128 indole
1160 4058 1350 4159 egregie
1392 4059 1737 4140 confirmatam·
1801 4068 1898 4144 Non

293 4180 462 4252 mirum
496 4174 669 4274 igitur,
711 4201 809 4250 eum
840 4205 927 4251 una
956 4201 1059 4251 cum
1078 4177 1771 4283 Alexide-praestantissimum
1807 4215 1899 4263 me-

293 4357 577 4377 ...μ-ιι-

377 4457 407 4520 8.
425 4456 503 4522 uia
523 4477 553 4517 v.
576 4454 664 4520 naa
682 4445 766 4543 seqq.
850 4460 877 4520 a.
899 4462 984 4525 aut
1005 4428 1126 4525 etot.
1144 4476 1228 4549 seqq.
1314 4467 1359 4535 ιο.
1377 4466 1457 4530 uu.
1486 4491 1515 4533 v.
1537 4467 1607 4532 aaa.
1632 4466 1703 4534 tar.
1730 4466 1803 4543 aaa,
1829 4468 1900 4534 tn.

349 4651 357 4661 ‚
439 4635 444 4642 ¹
496 4563 541 4630 11.
565 4563 696 4643 Quaeat
717 4581 799 4623 scen.
818 4563 936 4645 specim
950 4566 1001 4631 lll.
1021 4587 1091 4650 pag.
1103 4565 1153 4628 99.
1240 4569 1284 4629 ¹2.
1304 4567 1383 4632 lhid
1402 4590 1471 4653 pag.
1492 4568 1577 4634 51..
