4364 5536
836 495 1211 611 ‚-8-

285 714 624 795 remdoctissimus
660 715 837 817 Scaliger,
871 715 937 816 qui
963 711 1054 787 haec
1078 711 1207 787 habet:
1235 713 1263 770 ³·
1308 713 1376 786 sic
1412 704 1576 812 igitur‘
1602 713 1892 795 comoediam

287 834 574 910 definiamus
624 861 728 927 uos,
774 835 1319 937 poemadramaticum,
1374 835 1700 934 negotiosum,
1744 839 1893 913 ‘exitu

286 953 483 1049 laetum,
507 957 622 1031 stilo
640 942 883 1058 populari.
937 937 1014 1051 Qui
1044 983 1132 1031 cum
1156 957 1339 1029 nonsatis
1363 964 1535 1028 accurate
1558 983 1715 1030 munere
1742 956 1893 1033 functus

285 1077 344 1166 sit,
370 1077 441 1151 alia
461 1105 675 1180 proponere
701 1104 779 1152 non
802 1079 1025 1154 dubitamus.
1077 1078 1176 1151 Cum
1197 1078 1297 1150 enim
1320 1098 1516 1152 avocamus
1538 1093 1702 1162 mentem
1723 1107 1746 1151 a
1769 1080 1893 1179 singu·

289 1196 333 1270 lis
353 1198 402 1271 ad
422 1203 607 1292 universa,
626 1215 669 1274 ut
687 1227 810 1301 neque
832 1229 928 1293 eam,
947 1229 1044 1304 quae
1064 1197 1168 1300 apud
1187 1197 1352 1273 Graecos
1371 1198 1498 1273 ralere
1522 1203 1658 1302 coepit,
1679 1200 1894 1297 comoediae

288 1320 470 1395 rationem
505 1349 720 1423 sequamur,
761 1350 885 1423 neque
917 1321 1043 1409 talem,
1076 1319 1200 1419 qualis
1236 1315 1349 1390 hodie
1372 1319 1600 1422 plerumque
1633 1325 1892 1424 componitur:

289 1443 410 1522 omnis
445 1444 642 1518 comoedia
664 1447 759 1519 actio
787 1441 971 1544 quaedam
1007 1438 1203 1513 artificiosa
1244 1436 1446 1537 judicanda
1482 1456 1550 1534 est,
1578 1469 1675 1543 quae
1713 1459 1749 1518 et
1781 1444 1893 1518 rebus

288 1565 397 1658 gestis
415 1579 451 1637 et
474 1569 643 1666 personis
661 1567 908 1665 moribusque
932 1560 1190 1637 describendis
1209 1585 1285 1651 eos,
1307 1563 1374 1660 qui
1395 1561 1561 1655 audiant,
1580 1562 1765 1639 delectare
1779 1581 1893 1666 atquc

290 1683 400 1759 etiam
426 1684 562 1759 docere
595 1689 720 1787 possit
771 1687 929 1760 'Eorum
955 1687 1079 1785 igitur,
1118 1685 1184 1782 qui
1212 1684 1251 1754 in
1286 1679 1358 1753 boc
1391 1707 1526 1782 genere
1568 1682 1728 1760 feliciter
1760 1683 1893 1760 versati

289 1821 388 1895 sunt,
403 1832 595 1883 summum
613 1823 692 1882 erat
709 1805 893 1899 officium,
908 1822 951 1880 ut
970 1805 1076 1907 quod
1093 1809 1190 1878 vitae
1207 1803 1391 1877 humanae
1415 1806 1633 1904 oppositum
1650 1824 1754 1899 esset,
1775 1824 1894 1883 osten-

291 1923 432 2001 derent
484 1928 593 2002 Unde
630 1927 684 2020 fit,
722 1944 763 2002 ut
797 1953 1058 2029 personarum,
1100 1952 1197 2026 quae
1229 1922 1470 2017 inducantur,
1510 1953 1623 2003 omne
1658 1931 1826 2007 studium
1855 1935 1894 2005 in

290 2047 402 2121 rebus
424 2048 594 2125 ridiculis
620 2066 655 2125 et
673 2053 779 2124 vanis
799 2052 963 2152 positum
984 2053 1045 2139 sit,
1069 2047 1176 2150 quod
1197 2061 1326 2121 utrum
1346 2073 1528 2150 prospere
1546 2046 1665 2140 cedat,
1683 2079 1730 2124 an
1750 2067 1893 2143 contra,
1976 2088 1985 2101 ·

290 2168 386 2241 nihil
424 2170 548 2243 refert
612 2173 743 2272 Neque
782 2176 883 2249 enim
922 2175 1078 2248 omuino
1116 2168 1352 2244 desideratur
1389 2168 1504 2243 laetus
1539 2171 1691 2243 actionis
1722 2187 1894 2263 eventus,

293 2290 615 2390 quemadmodum
639 2294 812 2368 nonnulli
838 2297 978 2370 artium
1002 2290 1269 2367 existimatores
1293 2289 1522 2392 judicarunt,
1548 2291 1654 2392 quod
1677 2291 1778 2366 idem
1797 2294 1897 2366 valet

238 2466 244 2473 .
292 2407 341 2481 de
365 2415 459 2486 tristi
485 2414 696 2515 tragoediae
723 2420 834 2492 exitu
886 2417 993 2512 Quae
1012 2429 1136 2489 autem
1156 2414 1251 2488 actio
1275 2414 1315 2486 in
1338 2413 1485 2488 fabulae
1510 2416 1753 2514 perpetuitate
1778 2416 1896 2514 expli·

292 2549 408 2624 catur,
426 2560 509 2611 eam
527 2536 734 2611 absolutam
754 2565 833 2612 esse
850 2555 1012 2641 oportet,
1031 2551 1072 2610 ut
1094 2538 1307 2611 universam
1327 2533 1518 2637 quandam
1536 2537 1754 2608 sententiam
1774 2538 1896 2635 expri-
1991 2571 1995 2576 ·

293 2676 397 2725 mere
435 2673 546 2752 atque
574 2657 717 2729 referre
743 2661 878 2749 possit;
917 2661 1041 2755 itaque
1075 2655 1197 2755 probe
1229 2656 1409 2728 definitur
1444 2656 1596 2726 actionis
1633 2656 1764 2745 unitas,
1799 2682 1896 2755 quae

243 2770 250 2776 ”
286 2782 460 2859 roratur,
475 2795 563 2844 cum
577 2797 658 2842 eam
668 2772 709 2842 in
725 2769 792 2844 hac
806 2800 847 2846 re
862 2775 1021 2848 maxime
1040 2775 1142 2846 cerni
1157 2769 1330 2847 dicimus.
1371 2769 1446 2847 Sed
1462 2798 1551 2850 cum
1565 2774 1695 2865 multa,
1711 2802 1807 2875 quae
1823 2776 1896 2852 huc

288 2891 483 2988 'pertinere
502 2894 657 2991 possint,
685 2894 889 2966 accuratius
915 2892 1013 2967 infra
1038 2875 1291 2997 disputentur,
1316 2917 1394 2964 nou
1418 2884 1485 2984 est,
1510 2895 1617 2995 quod
1648 2897 1760 3000 plura
1783 2898 1897 2973 adda·

290 3037 393 3102 mus,
418 3012 505 3087 cum
529 3016 750 3114 praesertim
774 3014 836 3090 alii
862 3016 1081 3107 exstiterint,
1108 3019 1191 3117 qui,
1210 3004 1307 3118 quid
1325 3013 1394 3088 hac
1417 3013 1466 3088 de
1488 3041 1530 3088 re
1553 3017 1783 3117 cogitassent,
1807 3023 1896 3095 ube-

250 3129 254 3133 ’
294 3135 374 3227 rius
397 3151 635 3234 exponerent
685 3139 780 3211 Sunt
804 3150 927 3210 autem
953 3137 992 3209 in
1013 3163 1174 3213 numero
1202 3163 1349 3227 eorum,
1370 3161 1465 3238 quos
1493 3134 1684 3213 adeundos
1708 3157 1895 3240 putamus,

293 3253 546 3349 Her-mannus,
571 3257 598 3322 4,
623 3258 913 3352 Routerwekius,
942 3259 968 3327 ⁵·
992 3259 1036 3334 A.
1056 3261 1117 3334 W.
1145 3289 1166 3335 a
1190 3258 1431 3360 Schlegelius,
1458 3256 1484 3314 ⁶·
1508 3255 1570 3333 alii
1596 3259 1735 3359 plures.

381 3541 409 3598 3.
428 3541 478 3601 De
498 3548 577 3624 trag.
595 3551 629 3604 et
645 3565 724 3606 eom.
742 3546 775 3607 in
796 3549 824 3608 J.
842 3550 982 3611 Gronov.
1000 3547 1155 3616 Thesaur.
1176 3525 1287 3609 orire
1306 3544 1458 3630 Antiquit.
1479 3543 1540 3604 rol.
1563 3543 1642 3607 vul.
1662 3565 1730 3626 pag.
1750 3543 1837 3610 1498

290 3683 293 3685 -
383 3643 412 3702 ἃ.
432 3644 584 3726 Opnscul.
614 3649 675 3708 vol.
701 3652 723 3711 l.
741 3652 791 3714 De
812 3667 941 3736 poeseos
961 3655 1137 3739 mneritas
1159 3674 1228 3737 pag.
1248 3649 1297 3712 90.
1316 3671 1401 3734 seqq.

382 3747 410 3805 {a
429 3748 574 3827 &altem
594 3753 742 3834 oratu.
767 3760 812 3826 θ.
832 3759 903 3820 219„

383 3850 410 3908 ⁶·
430 3852 634 3942 mortiterum
653 3855 724 3927 tter
740 3865 929 3944 tronotitdtt
948 3866 1041 3944 tuat
1060 3868 1122 3934 nat
1142 3863 1310 3934 emnam.
1327 3861 1419 3929 bont
1439 3862 1461 3921 1.
1483 3861 1528 3930 ὅ.
1548 3855 1598 3920 fi&

885 4179 1315 4201 *m
