4364 5536
939 535 1007 558 ·-
1060 501 1115 593 Μ
1174 542 1231 560 -

288 746 452 795 amorem
482 744 681 821 moresque
707 717 848 818 patriae
881 740 1055 816 peccasse
1085 717 1313 792 viderentur.
1362 716 1439 790 Sed
1462 742 1545 810 non
1563 743 1710 820 semper
1737 745 1816 793 rem
1839 720 1889 797 ia

288 841 543 930 instituerunt3
564 863 848 937 ,nonnunquam
873 824 1040 910 homines
1057 835 1279 938 significasse
1294 852 1367 930 ¹aut
1389 864 1436 911 ex
1460 839 1607 914 occulto
1629 842 1887 940 perstrinxisse

285 957 505 1049 sufficiebat,
531 972 572 1032 ut
596 959 704 1031 multi
730 961 836 1060 prius
862 961 1058 1058 exagitatos
1084 986 1123 1033 se
1145 957 1328 1049 viderent,
1355 984 1466 1058 quam
1492 946 1700 1059 conjectare
1723 974 1886 1062 possent,
1950 1055 1953 1062 Ι

287 1080 382 1183 quid
411 1081 480 1154 sibi
509 1077 703 1152 accideret.
754 1076 830 1151 Sed
857 1077 921 1151 illa
949 1077 1104 1177 quidem
1133 1082 1226 1152 ratio
1253 1080 1356 1180 apud
1388 1084 1476 1156 istos
1500 1095 1626 1183 poetas
1655 1081 1887 1154 usitatissima

247 1278 250 1283 ,
287 1202 377 1293 suit,
416 1228 538 1303 neque
563 1196 718 1273 difficile
744 1202 815 1272 erit
838 1198 1019 1301 probatu,
1056 1225 1169 1300 quam
1195 1203 1266 1276 late
1288 1216 1415 1302 patere
1439 1197 1620 1273 videatur.
1672 1198 1888 1274 lieleramus

286 1349 354 1398 nos
378 1326 492 1425 igitur
510 1321 559 1395 ad
583 1347 657 1409 eos,
684 1345 778 1421 quos
799 1346 960 1394 summos
986 1307 1061 1394 esse
1084 1322 1269 1412 volumus,
1290 1336 1430 1423 poetas,
1451 1329 1613 1422 qnorum
1640 1319 1811 1421 exemplo
1834 1318 1888 1411 id,

286 1442 392 1545 quod
409 1442 596 1531 dicimus,
631 1438 770 1516 firmari
798 1444 924 1544 possit
976 1440 1078 1515 Solet
1106 1456 1227 1514 autem
1251 1439 1330 1513 lieri
1358 1441 1459 1544 apud
1484 1469 1589 1533 eum,
1624 1442 1690 1541 qui
1720 1441 1888 1514 omnium

287 1562 397 1638 laude
414 1562 569 1655 fruitur,
588 1562 889 1664 Aristophanem,
914 1576 955 1635 ut
971 1564 1014 1653 is,
1037 1563 1102 1662 qui
1122 1564 1280 1635 maxime
1299 1563 1401 1665 vitio⁸
1414 1561 1641 1635 iudicaretur
1661 1562 1888 1662 inquinatus,

282 1694 552 1781 ου’τακραααὶκως
579 1682 790 1773 inducatur,
826 1696 890 1755 aut
914 1681 1043 1755 saltem
1067 1678 1303 1754 vehementer
1329 1683 1545 1781 exagitetur,
1582 1681 1620 1752 in
1644 1678 1889 1754 Acharnensi·

170 1788 176 1794 ’
285 1801 356 1876 bus
386 1818 422 1875 et
445 1805 540 1876 Pace
566 1800 784 1893 Lamachus,
819 1804 857 1890 in
878 1803 1080 1903 Equitibus
1105 1817 1142 1876 et
1165 1801 1296 1902 Vespis
1321 1800 1426 1890 Cleo,
1460 1801 1499 1874 in
1523 1799 1694 1875 Nubibus
1721 1804 1888 1876 Socrates

235 1985 237 1990 .
287 1904 323 1995 et
344 1920 568 2013 Alcibiades,
595 1925 633 1996 in
652 1922 794 1999 Avibus
816 1923 914 1998 idem
933 1923 1143 1999 Alcibiades
1164 1952 1249 1999 cum
1270 1919 1425 2021 Gorgia,
1446 1922 1485 1993 in
1500 1919 1889 2021 Thesmophoriazusis

287 2045 451 2116 etRanis
471 2044 701 2145 Euripides„
735 2048 864 2145 Neque
889 2046 1011 2117 minus
1045 2045 1201 2145 Eupolis
1228 2044 1355 2119 eadem
1379 2041 1530 2115 dicendi
1556 2043 1725 2116 libertate
1745 2043 1800 2114 uti
1825 2066 1889 2114 vo·

283 2157 369 2250 luit,
391 2163 457 2260 qui
484 2163 609 2237 multis
629 2163 766 2238 fabulis
788 2162 954 2236 homines
972 2162 1119 2237 odiosos
1140 2168 1390 2265 perstringere
1408 2190 1485 2237 non
1506 2162 1702 2237 dubitaret.
1754 2162 1797 2236 ln
1818 2187 1885 2236 no-
1930 2235 1932 2238 ,
2019 2189 2024 2195 ·
2131 2242 2136 2249 ,

285 2283 423 2354 tissima
439 2282 578 2374 fabula,
604 2309 700 2384 quae
713 2275 813 2379 Αἶφες
840 2283 992 2374 dicitur,
1018 2284 1276 2388 p'raeteralios
1295 2283 1553 2385 Hipponicum
1570 2283 1680 2375 ridet,
1706 2285 1746 2357 in
1763 2284 1888 2384 Baptis

284 2398 533 2489 Alcibiadem,
569 2403 606 2472 iu
642 2414 768 2500 Δήμοις
797 2407 1071 2480 Demostratum
1098 2403 1271 2495 traducit,
1311 2405 1361 2511 in¹
1380 2400 1508 2476 fabula
1534 2409 1693 2478 Κολάκων
1719 2400 1889 2493 Calliam,

288 2518 493 2618 Hipponici
529 2517 665 2609 filium;
703 2521 867 2621 denique
895 2526 933 2595 in
960 2550 1015 2613 ea,
1055 2549 1149 2621 quae
1175 2538 1331 2618 Μαρικᾶς
1362 2521 1592 2609 inscribitur,
1634 2522 1889 2620 Hyherbulus,

288 2636 626 2712 turbulentissimus
652 2633 777 2726 homo,
806 2641 984 2738 carpitur.
1036 2637 1110 2711 Sed
1135 2638 1254 2708 multo
1279 2641 1387 2710 etiam
1413 2637 1587 2709 audacius
1612 2637 1784 2713 Cratinus
1809 2667 1890 2713 mu·
1940 2644 1942 2648 ’
2047 2657 2061 2681 ’

288 2785 378 2834 uere
403 2756 551 2829 functus
578 2781 656 2828 esse
681 2753 866 2845 videatur,
907 2757 972 2856 qui
1001 2758 1110 2829 etiam
1135 2756 1331 2845 Periclem,
1367 2757 1536 2856 quamvis
1561 2760 1746 2857 potentiae
1771 2759 1891 2860 gloria

269 2875 599 2975 florentissimum,
634 2873 801 2948 ludibrio
829 2874 998 2966 haberet,
1035 2890 1141 2947 vocat
1164 2876 1263 2948 enim
1289 2877 1424 2977 ipsum,
1465 2889 1506 2948 ut
1530 2879 1701 2979 exemplo
1729 2894 1889 2972 utamur,

289 3008 550 3092 κεφαληγερέταν,
578 2991 695 3094 cujus·
718 2995 772 3066 rei
805 2995 904 3067 testis
939 3008 993 3066 est
1027 2993 1337 3094 locupletissimus
1364 2996 1586 3073 Plutarchus
1611 2995 1668 3074 his
1691 2999 1889 3076 verbisz¹⁶·

612 3102 732 3186 Eidem
753 3113 787 3175 δὲ
808 3110 862 3175 καὶ
882 3114 1097 3194 πρεσβογένρς
1117 3109 1245 3195 Χρόνος
1267 3109 1454 3196 ἀλλήλοισιν

611 3216 737 3298 μιγέντε
760 3216 910 3296 μέγιστον
928 3210 1067 3273 τίκτετον
1085 3207 1249 3298 τύραννον,

616 3315 654 3381 ὃν
677 3315 715 3399 δή
736 3316 992 3400 κεφαληγερέταν
1013 3312 1087 3376 θεοῖ
1107 3315 1293 3377 καλέουσιν·

288 3428 364 3503 Νοο
389 3423 544 3497 dubium
572 3435 637 3511 est,
663 3424 757 3522 quiin
781 3423 820 3493 in
843 3418 1055 3493 adhibendo
1081 3416 1152 3492 hoc
1175 3421 1326 3492 nomine
1350 3424 1562 3498 meminerit
1579 3427 1768 3502 Homerici
1789 3453 1889 3518 usus,
1938 3449 1941 3452 ‘

291 3572 368 3648 quo
396 3551 480 3627 Ζεύς
501 3552 729 3636 νεφεληγερέτα
756 3557 934 3642 tanquam
958 3543 1075 3614 nubes
1103 3567 1306 3642 congerens
1332 3543 1558 3646 plerumque
1584 3545 1732 3619 dicitur.
1784 3545 1891 3621 Rele-

290 3664 398 3738 rendi
426 3663 497 3735 huc
521 3675 606 3734 sunt
630 3662 692 3734 alii
718 3677 871 3763 quoque
897 3662 1037 3737 Cratini
1065 3667 1207 3752 versus,
1244 3664 1309 3763 qui
1333 3664 1437 3765 apud
1461 3665 1703 3740 Plutarchum
1731 3667 1779 3740 ita
1802 3687 1889 3740 con-

289 3785 417 3883 scripti
445 3782 694 3883 leguntur217·

608 3899 652 3964 ‘0
666 3904 896 3986 σχινοκέφαλος
916 3896 1000 3972 Ζεὺς
1024 3894 1078 3962 ὅδε
1097 3899 1312 3982 προσέρχεται

615 4006 803 4088 Περικλέης,
825 4004 956 4090 τιρλιλεῖσν
974 3999 1028 4075 ἐπὶ
1046 4006 1106 4064 τοῦ
1125 4001 1255 4086 κρανίον

608 4100 718 4188 Ἕχων,
741 4105 850 4188 ἐπειδὴ
871 4100 1069 4187 τοῦστρακον
1085 4105 1282 4188 πορσύνεται.

171 4237 177 4249 “
291 4213 366 4288 Sed
390 4234 467 4284 non
491 4225 698 4301 contentus,
724 4211 935 4311 principem
961 4211 1013 4281 rei
1045 4208 1217 4308 publicae
1241 4209 1518 4286 Atheniensium
1544 4211 1729 4302 derisisse,
1757 4208 1892 4310 adjecit

294 4333 468 4407 Cratinus
482 4331 591 4402 etiam
605 4354 761 4403 uxorem
779 4325 873 4430 ejus,
893 4325 1077 4426 Aspasiam
1081 4383 1093 4416 ,
1106 4354 1261 4429 eamque
1274 4330 1297 4400 J
1299 4349 1459 4405 unonem
1474 4331 1633 4411 ridicule
1652 4333 1890 4436 appellat218.

381 4560 738 4650 murmuem
847 4528 1108 4627 munem
1214 4559 1477 4700 mpuam

1242 4664 1263 4730 7
