4364 5536
937 503 996 527 ν·-
1048 461 1133 553 178
1186 506 1243 524 -

297 688 346 773 de
377 682 569 788 Adelphis,
607 706 722 787 quam
754 678 936 779 integram
969 676 1236 795 adscribamus:
1256 682 1284 740 2.
1329 681 1620 782 Quamquam
1655 680 1898 786 Adelphos

297 803 547 883 Menandri
570 830 657 878 una
679 827 777 875 cum
802 799 1008 899 reliquis
1029 801 1411 899 ingeniosissimi
1434 818 1601 904 poetae
1625 804 1804 881 fabulis
1829 809 1900 883 in·

298 925 558 1000 tercidisse
590 925 695 1026 jure
726 922 908 1012 doleas,
957 923 1129 995 minuit
1163 937 1320 995 tamen
1358 919 1569 1021 jacturae
1603 925 1899 1023 magnitudi-

296 1032 416 1119 nem·
445 1060 690 1154 superstes¹
724 1044 936 1118 Terentii
986 1040 1148 1114 fabula
1196 1040 1359 1115 eodem
1404 1043 1592 1114 nomine
1643 1045 1898 1148 inscripta,

297 1191 432 1267 quam
458 1192 723 1269 expressam
750 1192 847 1241 esse
876 1164 932 1237 ad
957 1161 1208 1235 Menandri
1236 1164 1522 1262 exemplum,
1544 1174 1741 1264 'praeter
1767 1185 1898 1244 vete·

296 1314 394 1360 rem
430 1287 747 1363 Didascaliam
784 1286 1102 1361 Terentianae
1140 1284 1336 1367 fabulae
1374 1283 1660 1384 praefixam,
1712 1286 1896 1367 diserte

295 1422 500 1483 testatur
529 1410 744 1483 Donatus
779 1408 992 1507 Prolegg.
1020 1433 1064 1507 p..
1084 1413 1168 1484 327.
1197 1401 1451 1501 et'Argum.
1478 1404 1710 1512 P·33f·,⁸d·
1736 1412 1893 1512 Steph.

294 1528 450 1628 Neque
472 1544 621 1603 tamen
643 1530 896 1602 Terentius
923 1531 984 1602 ita
1007 1554 1053 1601 se
1078 1548 1249 1626 graeco
1276 1523 1535 1624 exemplari
1565 1530 1699 1623 quasi
1726 1531 1774 1603 in
1797 1557 1896 1607 ser-

294 1650 490 1724 vitutem
524 1651 728 1741 addixit,
767 1665 817 1724 ut
841 1648 963 1722 nihil
987 1673 1182 1747 usquam
1205 1644 1477 1718 mutandum
1514 1647 1588 1719 vel
1622 1648 1819 1725 aliunde
1844 1654 1893 1728 in

293 1766 505 1844 fabulam
540 1798 665 1846 suam
702 1769 1095 1847 transferendum
1133 1768 1324 1868 putarit.
1374 1767 1547 1839 Bonam
1583 1784 1761 1869 partem
1793 1799 1893 1852 eum

295 1916 314 1962 e
336 1888 526 1992 Diphili
552 1891 979 1970 Commorientibus
1006 1890 1225 1991 petiisse,
1259 1903 1489 1993 constate
1514 1888 1633 1963 Prol.
1657 1897 1692 1968 6.
1717 1917 1843 1996 seqq.

413 2032 856 2118 Synapothnescontes
898 2032 1062 2117 Diphili
1103 2028 1314 2091 comoedia
1358 2038 1436 2101 est;

412 2141 502 2201 Eam
544 2135 870 2200 Commorientes
910 2137 1086 2197 Plautus
1126 2135 1233 2197 fecit
1273 2132 1463 2193 fabulam.

411 2245 453 2304 In
496 2244 655 2304 Graeca
696 2238 940 2299 adolescens
983 2247 1062 2312 est,
1103 2236 1174 2319 qui
1215 2235 1361 2297 lenoni
1402 2236 1534 2318 eripit

410 2343 677 2404 Meretricem
718 2343 758 2401 in
799 2341 929 2422 prima
971 2340 1129 2398 fabula:
1172 2361 1260 2400 eum
1300 2340 1469 2401 Plautus
1511 2343 1639 2403 lacurn

410 2444 607 2529 Reliquit
649 2447 875 2528 integrum3
917 2459 1005 2499 eum
1046 2436 1111 2498 hic
1153 2439 1288 2501 locum
1330 2430 1501 2526 sumpsit
1540 2444 1618 2505 sihi

411 2552 453 2612 ln
494 2548 712 2631 Adelphos;
754 2545 925 2609 verbum
966 2540 1013 2602 de
1055 2542 1184 2605 verbo
1227 2566 1466 2627 expressum
1507 2546 1673 2612 extulit.

291 2705 385 2777 Hoc
421 2704 511 2785 nisi
552 2704 649 2803 ipse
680 2711 901 2772 testatum
934 2692 1218 2792 reliquisset
1244 2693 1526 2784 Terentius,
1567 2718 1649 2794 ego
1679 2694 1885 2797 quidem,

290 2824 455 2923 siquis
482 2819 767 2908 affirmaret,
794 2811 1155 2889 vixerederem.
1206 2815 1316 2887 Nam
1343 2813 1491 2911 ipsum
1517 2811 1645 2887 illud
1667 2814 1889 2927 Aeschini·

290 2944 466 3018 factum
487 2957 579 3012 tam
603 2939 872 3012 necessario
898 2959 998 3006 cum
1024 2949 1118 3006 tota
1147 2936 1333 3006 actione
1359 2929 1669 3033 conjunctum
1694 2944 1760 3011 es't
1778 2938 1887 3011 tin.

290 3061 420 3150 culo,
460 3071 529 3149 ut,
563 3059 780 3133 nisi‘cum
810 3056 972 3153 magno
999 3051 1189 3124 fabulae
1216 3051 1517 3145 detrimento,
1551 3055 1606 3130 ab
1632 3083 1682 3129 ea
1709 3056 1888 3133 divelli

290 3204 382 3256 uon
416 3203 550 3281 posse
576 3177 806 3253 videatur.
857 3178 1014 3248 Restat
1051 3174 1221 3272 igitur,
1260 3190 1309 3247 ut
1333 3174 1650 3250 Menandrum
1684 3175 1890 3253 similem
1976 3208 1979 3213 ·

289 3306 442 3380 locum
464 3295 693 3399 Adelphis
719 3300 815 3371 suis
842 3296 1100 3368 inseruisse
1125 3308 1400 3385 statuamus,
1427 3299 1698 3373 Terentium
1721 3314 1892 3395 sutem,

288 3425 557 3498 scilicetne
583 3420 661 3491 uni
687 3414 1130 3491 omniaMenandro
1157 3413 1628 3509 debercvideretur,
1671 3422 1891 3499 consulto

290 3544 409 3649 hane
441 3540 635 3616 fabulae
660 3556 841 3641 partem
866 3566 886 3611 e
912 3534 1108 3636 Diphilo
1136 3537 1421 3609 assumsisse.
1473 3540 1537 3614 Ac
1560 3540 1715 3614 simile
1741 3540 1890 3618 fuisse

288 3662 600 3740 Menandreae
632 3662 825 3735 fabulae
859 3655 1126 3759 episodium
1162 3654 1222 3742 ei,
1261 3655 1388 3753 quod
1423 3685 1442 3730 e
1473 3659 1670 3760 Diphilo
1703 3650 1890 3765 recepit
1957 3720 1963 3727 -

289 3787 572 3873 Terentius,
602 3808 702 3855 cum
726 3807 811 3882 per
833 3780 1020 3852 s'esatis
1041 3774 1306 3875 probabile
1332 3779 1413 3867 sit,
1447 3794 1540 3852 tum
1564 3781 1676 3855 aliis
1701 3808 1891 3884 quoque

289 3905 486 3980 indiciis
519 3904 795 4005 colligitur.
845 3898 969 3970 Placet
1005 3900 1114 3970 etiam
1144 3893 1326 3970 nonnulla
1363 3896 1409 3970 de
1441 3903 1593 3975 actionis
1626 3904 1907 3977 constitutione·

289 4025 442 4114 addere,
459 4048 534 4124 quo
556 4026 670 4123 magis
690 4023 854 4096 Terentii
875 4017 1023 4092 artificis
1045 4016 1209 4092 studium
1231 4033 1418 4118 appareat,
1439 4021 1567 4122 idque,
1594 4022 1701 4123 quod
1719 4022 1886 4124 probare

288 4149 326 4219 in
348 4148 469 4218 animo
490 4159 554 4236 est,
577 4145 815 4244 intelligatur,
832 4140 1033 4241 repetenda
1052 4140 1115 4213 illa
1138 4138 1290 4239 quidem
1311 4167 1356 4213 ex
1368 4142 1523 4217 Graecis
1543 4144 1733 4245 exemplis.
1760 4145 1886 4219 Prima

287 4292 395 4340 scena
418 4263 641 4365 plerumque
664 4288 735 4366 pro
758 4264 963 4364 argumenti
988 4263 1199 4335 narratione
1220 4265 1459 4362 proponitur,
1483 4266 1521 4338 in
1547 4291 1620 4366 qua
1642 4263 1884 4343 fundamenta

369 4554 396 4623 2,
415 4549 492 4613 thid.
514 4573 583 4634 pag.
606 4550 681 4612 Η
