4344 5534
825 482 1229 580 .-174-

160 723 162 727 ’
278 701 517 802 putandus
542 719 646 781 eat.
669 706 760 782 Sed
784 706 867 781 alii
893 706 1345 798 doloremorentur,
1370 707 1761 813 aliincupiditate5
1780 715 1875 791 ira·

279 822 623 900 cundiaetiam
646 827 780 900 multi
808 826 1101 919 efferuntur,
1128 843 1173 903 'et
1199 820 1343 928 quum
1366 832 1410 903 in
1434 831 1553 905 mala
1578 835 1785 909 scientes
1812 836 1880 910 ir·

279 961 445 1036 ruunt,
477 960 573 1019 tum
597 973 643 1021 se
669 950 844 1047 optime
868 949 963 1024 sib-i
990 949 1246 1055 consulere
1269 949 1586 1026 arbitrantur:
1614 953 1779 1053 itaque
1809 952 1879 1031 di·

280 1074 520 1157 cuut,*nec
546 1068 771 1143 dubitant
875 1122 879 1130 .

522 1204 601 1264 Mihi
642 1205 687 1265 sic
721 1225 801 1283 ,usus
843 1213 906 1265 est:
948 1204 1008 1266 tibi
1050 1214 1087 1267 nt
1127 1224 1205 1287 opus
1247 1214 1294 1266 est
1333 1204 1433 1281 lacto,
1471 1204 1556 1304 luce:

281 1328 434 1420 velut,
461 1333 539 1433 qui
567 1333 659 1432 ipsi
687 1330 782 1404 sibi
810 1326 1338 1419 bellumtndixirsent‚
1378 1333 1588 1403 cruciari
1626 1330 1753 1425 dies,
1792 1360 1881 1411 no.

283 1463 378 1522 ctea
410 1453 623 1551 torqueri
651 1449 853 1539 vellent,
888 1476 972 1523 nec
995 1474 1111 1523 vero
1136 1474 1236 1522 sese
1270 1452 1359 1550 ipsi
1388 1467 1669 1528 accusarent
1698 1454 1892 1533 obeam

283 1570 635 1673 causam,'quod
659 1550 757 1645 sese
780 1572 897 1643 male
920 1573 1016 1647 suis
1041 1573 1183 1645 rebus
1210 1571 1509 1645 consuluisse
1535 1560 1760 1650 dicer'ent.
1788 1577 1879 1650 Eo·

284 1716 383 1786 rum
419 1693 540 1764 enim
570 1705 637 1764 est
668 1688 779 1764 haec
803 1691 1015 1790 querela,
1042 1693 1119 1792 qui
1153 1692 1245 1775 sibi
1272 1695 1373 1767 cari
1404 1707 1733 1798 suntaeseque
1764 1696 1880 1789 dili»
1914 1726 1924 1741 ·

285 1823 410 1908 gunt
451 1808 639 1907 'Quat-e,
659 1813 1041 1913 ,quotiescunque
1066 1810 1392 1887 diceturmale
1412 1812 1465 1887 de
1491 1837 1537 1887 ae
1566 1818 1674 1914 quis
1705 1821 1881 1895 mereri

282 1928 604 2030 sibiqueesse
645 1931 870 2007 inimicus
909 1945 1053 2030 atque
1084 1930 1249 2025 hostis,
1279 1937 1418 2009 vitam
1449 1934 1663 2036 denique
1696 1938 1879 2040 fugere:

287 2050 587 2152 intelligatur
610 2043 819 2151 aliquam
840 2050 1033 2137 subesse
1057 2049 1286 2152 ejusmodi
1314 2070 1515 2147 causam,
1539 2046 1589 2131 ut
1607 2061 1784 2161 enipso
1811 2060 1880 2135 in·

285 2171 445 2272 telligi
481 2175 655 2275 possit,
683 2171 781 2247 sibi¹
806 2198 1040 2273 quemque
1065 2201 1166 2250 esee
1193 2201 1363 2251 carum.

373 2419 532 2516 ,Quibus
557 2446 602 2496 ex
622 2417 732 2497 rebus
756 2418 921 2495 breviter
945 2420 1136 2520 disputatis
1161 2418 1315 2519 intelligi
1337 2419 1460 2510 debet,
1488 2421 1808 2525 quam-rationem
1825 2448 1883 2505 ae·

289 2552 392 2614 cutus
404 2541 451 2614 eit
460 2539 611 2619 latinus
626 2544 664 2615 in
680 2540 932 2617 describendis
946 2543 1124 2641 personis.
1152 2542 1235 2615 Non
1249 2540 1409 2615 dubium
1422 2554 1488 2630 est,
1504 2541 1609 2640 quin,
1622 2540 1729 2641 quod
1740 2539 1793 2617 ad
1811 2545 1884 2621 Te-
1924 2556 1928 2563 '

288 2661 496 2741 rentinnum
515 2663 778 2741 Menedemum
802 2665 976 2763 pertinet,
1007 2662 1105 2736 idem
1123 2662 1244 2735 valeat
1265 2659 1312 2733 de
1336 2684 1394 2750 eo,
1420 2655 1525 2759 cujus
1547 2661 1744 2762 imaginem
1765 2664 1884 2739 Grae·
1941 2674 1945 2685 “

288 2808 365 2865 ωε,
387 2782 648 2874 delineaverat‚
688 2786 829 2886 quique
845 2783 1033 2861 ‚imitatori
1060 2779 1232 2880 exemplo
1257 2767 1334 2853 esse
1360 2782 1489 2880 potuit
1540 2782 1608 2857 Est
1631 2798 1753 2867 autem
1776 2783 1881 2886 quod

289 2902 435 2978 differat
452 2904 550 2977 inter
569 2905 763 3003 utriusque
782 2919 911 3003 poetae
929 2905 1123 2989 rationem,
1142 2901 1319 3000 quoniam
1341 2917 1421 3000 pro'
1432 2916 1534 2977 certo
1551 2901 1729 2985 affirmari
1745 2920 1882 3007 potent,

289 3021 541 3097 Menandrum
566 3019 706 3121 majore
732 3024 958 3125 cumgratia
983 3046 1179 3137 pergonam
1213 3020 1462 3121 descripsisse,
1500 3048 1573 3124 pro
1605 3024 1741 3127 ingenii
1763 3050 1883 3118 more,

290 3168 366 3244 quo
391 3144 514 3215 omnia
541 3143 660 3234 adid,
689 3141 792 3243 quod
816 3142 954 3234 deceat,
978 3136 1148 3233 referret,
1163 3155 1225 3215 aut
1249 3140 1523 3255 quodquaque
1543 3172 1702 3246 persona
1726 3146 1886 3248 dignum

290 3273 401 3340 esset:
434 3266 647 3338 Terentium
674 3291 764 3338 vero
790 3262 904 3366 magis
931 3266 1040 3338 etiam
1066 3263 1271 3336 elaborasse
1297 3263 1335 3333 in
1360 3264 1545 3361 varietate,
1571 3264 1712 3367 adjecta
1734 3266 1884 3342 alterins

291 3385 450 3460 bominis
478 3385 641 3476 historia,
678 3371 795 3487 ¹atque
826 3388 864 3458 in
901 3413 1028 3459 rerum
1061 3385 1324 3459 observatione.
1376 3386 1501 3461 Placet
1527 3403 1650 3462 autem
1676 3370 1884 3490 alia'plura

291 3504 443 3597 addere,
479 3534 524 3578 ex
550 3506 685 3607 quibus
712 3521 899 3607 appareat,
936 3532 1031 3609 quae
1054 3505 1275 3578 lineamenta
1299 3504 1409 3577 animi
1439 3504 1623 3606 complexi
1646 3509 1720 3583 sint
1742 3525 1884 3611 poetae,

292 3644 332 3703 ut
366 3625 553 3701 efficerent
581 3630 676 3701 senis
708 3630 823 3729 patris
857 3627 1047 3727 ingenium
1075 3623 1124 3698 ad
1148 3640 1268 3699 totum
1298 3622 1412 3725 genus
1441 3630 1642 3728 pertinens·
1709 3628 1886 3707 Chremes
1966 3700 1972 3713 .

292 3753 449 3824 maxime
473 3753 528 3824 uti
555 3750 637 3824 vult
658 3749 812 3824 consilio
841 3749 1060 3820 amicornm
1085 3743 1201 3846 iisque
1226 3744 1396 3822 tribuere
1414 3748 1678 3840 auctoritatem,
1706 3764 1747 3825 ut
1773 3750 1887 3827 rebus

204 3894 210 3909 ·
292 3872 365 3945 suis
390 3870 582 3944 consulere
611 3871 734 3971 possit.
757 3865 803 3927 ⁶⁴·
853 3866 989 3942 Sedulo
1019 3867 1104 3965 agit,
1137 3888 1193 3939 ne·
1219 3868 1361 3940 omittat
1390 3855 1603 3970 quicquam,
1641 3894 1719 3971 quo
1752 3873 1889 3948 serviat

294 3988 359 4064 filii
383 3989 601 4083 commodis,
615 3990 661 4050 ⁶⁵·
688 4007 837 4066 cautum
859 4016 899 4065 se
922 3989 1076 4092 praebet
1101 4014 1143 4062 ac
1165 3988 1391 4063 benevolum
1416 3987 1610 4063 intuendis.
1627 3990 1735 4064 amici
1761 3989 1886 4083 rebus,

294 4111 455 4187 alienum
481 4113 528 4186 ab
555 4114 656 4186 omni
681 4110 953 4205 adulatione,⁶-⁶·
977 4113 1160 4213 cumipse
1184 4111 1284 4184 omni
1308 4110 1588 4212 perturbatione
1613 4097 1727 4184 animi
1749 4124 1883 4203 careat,

295 4259 340 4308 ex
360 4259 438 4334 quo
461 4232 600 4309 eluceat
619 4235 738 4310 omnis
762 4235 962 4311 constantia
982 4234 1179 4334 omnisque
1199 4230 1420 4325 moderatio;
1454 4228 1618 4332 denique
1644 4232 1746 4306 omni
1771 4229 1888 4309 modi)

296 4404 575 4428 Ἥ

378 4500 425 4562 Μ.
445 4501 571 4572 Andria.
592 4506 642 4573 m.
660 4500 691 4569 3.
713 4526 744 4566 v.
763 4503 811 4568 11.
828 4518 912 4589 seqq.
931 4509 966 4565 ct
983 4499 1036 4567 tv.
1055 4504 1085 4574 5.
1106 4520 1136 4561 v.
1159 4498 1187 4568 l.
1206 4518 1294 4583 seqq.
1374 4499 1423 4564 ⁶5.
1439 4496 1565 4565 Andria.
1587 4502 1627 4565 V.
1649 4504 1677 4566 t.
1698 4524 1729 4565 v.
1755 4504 1888 4587 Μυκη
1941 4534 1950 4543 ·

390 4699 396 4713 x
489 4607 535 4669 ⁶⁶.
555 4606 682 4672 Andria.
695 4607 734 4672 V·
753 4611 783 4678 2·
856 4660 859 4667 ,
1217 4640 1222 4651 ·

403 4731 417 4777 1
528 4732 534 4744 ι
674 4723 677 4731 .
