<?xml version="1.0" encoding="UTF-8"?>
<!DOCTYPE html PUBLIC "-//W3C//DTD XHTML 1.0 Transitional//EN"
    "http://www.w3.org/TR/xhtml1/DTD/xhtml1-transitional.dtd">
<html xmlns="http://www.w3.org/1999/xhtml" xml:lang="en" lang="en">
 <head>
  <title>
</title>
<meta http-equiv="Content-Type" content="text/html;charset=utf-8" />
  <meta name='ocr-system' content='tesseract 3.04.00' />
  <meta name='ocr-capabilities' content='ocr_page ocr_carea ocr_par ocr_line ocrx_word'/>
</head>
<body>
  <div class='ocr_page' id='page_1' title='image "./detriumquaegrae00roedgoog_0127.png"; bbox 0 0 4364 5536; ppageno 0'>
   <div class='ocr_carea' id='block_1_1' title="bbox 930 456 1250 579">
    <p class='ocr_par' dir='ltr' id='par_1_1' title="bbox 930 456 1250 579">
     <span class='ocr_line' id='line_1_1' title="bbox 930 456 1250 579; baseline 0.016 -6"><span class='ocrx_word' id='word_1_1' title='bbox 930 456 1015 548; x_wconf 58' lang='lat'><strong>-&#39;</strong></span> <span class='ocrx_word' id='word_1_2' title='bbox 1039 480 1141 579; x_wconf 69' lang='lat'><strong>2114</strong></span> <span class='ocrx_word' id='word_1_3' title='bbox 1189 529 1250 548; x_wconf 92' lang='lat'><strong>··</strong></span> 
     </span>
    </p>
   </div>
   <div class='ocr_carea' id='block_1_2' title="bbox 195 693 1924 4210">
    <p class='ocr_par' dir='ltr' id='par_1_2' title="bbox 195 693 1924 4210">
     <span class='ocr_line' id='line_1_2' title="bbox 297 693 1900 811; baseline -0.003 -15"><span class='ocrx_word' id='word_1_4' title='bbox 297 718 395 799; x_wconf 74' lang='lat' dir='ltr'><strong>turi</strong></span> <span class='ocrx_word' id='word_1_5' title='bbox 414 769 417 776; x_wconf 37' lang='grc' dir='ltr'>ι</span> <span class='ocrx_word' id='word_1_6' title='bbox 436 714 660 792; x_wconf 80' lang='lat' dir='ltr'><strong>Huioenim</strong></span> <span class='ocrx_word' id='word_1_7' title='bbox 673 734 964 811; x_wconf 32' lang='lat' dir='ltr'><strong>*nonnunquam</strong></span> <span class='ocrx_word' id='word_1_8' title='bbox 979 707 1488 801; x_wconf 36' lang='lat' dir='ltr'><strong>nauseamentis-daturne·</strong></span> <span class='ocrx_word' id='word_1_9' title='bbox 1502 706 1673 785; x_wconf 47' lang='lat' dir='ltr'><strong>iit-etiam</strong></span> <span class='ocrx_word' id='word_1_10' title='bbox 1693 693 1900 808; x_wconf 69' lang='lat' dir='ltr'><strong>memores,</strong></span> 
     </span>
     <span class='ocr_line' id='line_1_3' title="bbox 298 827 1924 946; baseline -0.008 -29"><span class='ocrx_word' id='word_1_11' title='bbox 298 846 366 946; x_wconf 88' lang='lat' dir='ltr'><strong>qui</strong></span> <span class='ocrx_word' id='word_1_12' title='bbox 395 840 497 944; x_wconf 89' lang='lat' dir='ltr'><strong>apud</strong></span> <span class='ocrx_word' id='word_1_13' title='bbox 526 836 671 913; x_wconf 88' lang='lat' dir='ltr'><strong>infimos</strong></span> <span class='ocrx_word' id='word_1_14' title='bbox 698 833 865 909; x_wconf 85' lang='lat' dir='ltr'><strong>homines</strong></span> <span class='ocrx_word' id='word_1_15' title='bbox 896 831 1022 905; x_wconf 85' lang='lat' dir='ltr'><strong>valere</strong></span> <span class='ocrx_word' id='word_1_16' title='bbox 1043 829 1188 927; x_wconf 76' lang='lat' dir='ltr'><strong>solent,</strong></span> <span class='ocrx_word' id='word_1_17' title='bbox 1208 827 1531 925; x_wconf 74' lang='lat' dir='ltr'><strong>immimerentur,</strong></span> <span class='ocrx_word' id='word_1_18' title='bbox 1575 844 1688 932; x_wconf 80' lang='lat' dir='ltr'><strong>atque</strong></span> <span class='ocrx_word' id='word_1_19' title='bbox 1715 833 1924 923; x_wconf 65' lang='lat' dir='ltr'><strong>vocabula·</strong></span> 
     </span>
     <span class='ocr_line' id='line_1_4' title="bbox 286 947 1905 1068; baseline -0.004 -34"><span class='ocrx_word' id='word_1_20' title='bbox 286 953 626 1064; x_wconf 67' lang='lat' dir='ltr'><strong>componerentur,</strong></span> <span class='ocrx_word' id='word_1_21' title='bbox 653 954 779 1057; x_wconf 86' lang='lat' dir='ltr'><strong>qualia</strong></span> <span class='ocrx_word' id='word_1_22' title='bbox 808 977 1002 1068; x_wconf 83' lang='lat' dir='ltr'><strong>nunquam</strong></span> <span class='ocrx_word' id='word_1_23' title='bbox 1030 947 1156 1024; x_wconf 80' lang='lat' dir='ltr'><strong>audita</strong></span> <span class='ocrx_word' id='word_1_24' title='bbox 1182 962 1313 1049; x_wconf 72' lang='lat' dir='ltr'><strong>essem,</strong></span> <span class='ocrx_word' id='word_1_25' title='bbox 1339 975 1514 1052; x_wconf 79' lang='lat' dir='ltr'><strong>qmeque</strong></span> <span class='ocrx_word' id='word_1_26' title='bbox 1532 977 1608 1053; x_wconf 87' lang='lat' dir='ltr'><strong>pro</strong></span> <span class='ocrx_word' id='word_1_27' title='bbox 1629 957 1812 1049; x_wconf 74' lang='lat' dir='ltr'><strong>¹monstris</strong></span> <span class='ocrx_word' id='word_1_28' title='bbox 1830 955 1905 1033; x_wconf 75' lang='lat' dir='ltr'><strong>ha-</strong></span> 
     </span>
     <span class='ocr_line' id='line_1_5' title="bbox 264 1069 1905 1174; baseline -0.009 -15"><span class='ocrx_word' id='word_1_29' title='bbox 264 1138 268 1144; x_wconf 84' lang='lat'><em>·</em></span> <span class='ocrx_word' id='word_1_30' title='bbox 297 1084 379 1158; x_wconf 91' lang='lat' dir='ltr'><strong>beri</strong></span> <span class='ocrx_word' id='word_1_31' title='bbox 405 1079 572 1154; x_wconf 90' lang='lat' dir='ltr'><strong>debeant.</strong></span> <span class='ocrx_word' id='word_1_32' title='bbox 629 1073 747 1170; x_wconf 91' lang='lat' dir='ltr'><strong>Quod</strong></span> <span class='ocrx_word' id='word_1_33' title='bbox 777 1088 900 1147; x_wconf 89' lang='lat' dir='ltr'><strong>autem</strong></span> <span class='ocrx_word' id='word_1_34' title='bbox 924 1070 1084 1144; x_wconf 87' lang='lat' dir='ltr'><strong>maxime</strong></span> <span class='ocrx_word' id='word_1_35' title='bbox 1113 1070 1310 1158; x_wconf 88' lang='lat' dir='ltr'><strong>miramur,</strong></span> <span class='ocrx_word' id='word_1_36' title='bbox 1341 1069 1496 1146; x_wconf 78' lang='lat' dir='ltr'><strong>adhibet</strong></span> <span class='ocrx_word' id='word_1_37' title='bbox 1523 1089 1634 1174; x_wconf 89' lang='lat' dir='ltr'><strong>poeta</strong></span> <span class='ocrx_word' id='word_1_38' title='bbox 1666 1076 1707 1150; x_wconf 89' lang='lat' dir='ltr'><strong>in</strong></span> <span class='ocrx_word' id='word_1_39' title='bbox 1721 1132 1724 1137; x_wconf 87' lang='lat'><strong>.</strong></span> <span class='ocrx_word' id='word_1_40' title='bbox 1739 1075 1905 1158; x_wconf 68' lang='lat' dir='ltr'><strong>dietndo</strong></span> 
     </span>
     <span class='ocr_line' id='line_1_6' title="bbox 296 1191 1905 1303; baseline 0.001 -26"><span class='ocrx_word' id='word_1_41' title='bbox 296 1227 424 1277; x_wconf 90' lang='lat' dir='ltr'><strong>omnes</strong></span> <span class='ocrx_word' id='word_1_42' title='bbox 450 1226 508 1274; x_wconf 86' lang='lat' dir='ltr'><strong>eas</strong></span> <span class='ocrx_word' id='word_1_43' title='bbox 532 1201 712 1273; x_wconf 87' lang='lat' dir='ltr'><strong>sermonis</strong></span> <span class='ocrx_word' id='word_1_44' title='bbox 738 1196 1018 1298; x_wconf 80' lang='lat' dir='ltr'><strong>discrepantias,</strong></span> <span class='ocrx_word' id='word_1_45' title='bbox 1044 1191 1191 1292; x_wconf 70' lang='lat' dir='ltr'><strong>..quitus</strong></span> <span class='ocrx_word' id='word_1_46' title='bbox 1217 1191 1353 1267; x_wconf 89' lang='lat' dir='ltr'><strong>Graeci</strong></span> <span class='ocrx_word' id='word_1_47' title='bbox 1378 1205 1587 1284; x_wconf 81' lang='lat' dir='ltr'><strong>uterentur,</strong></span> <span class='ocrx_word' id='word_1_48' title='bbox 1622 1209 1767 1274; x_wconf 88' lang='lat' dir='ltr'><strong>utnon</strong></span> <span class='ocrx_word' id='word_1_49' title='bbox 1790 1226 1905 1303; x_wconf 88' lang='lat' dir='ltr'><strong>repu-</strong></span> 
     </span>
     <span class='ocr_line' id='line_1_7' title="bbox 297 1308 1902 1422; baseline -0.001 -23"><span class='ocrx_word' id='word_1_50' title='bbox 297 1324 388 1414; x_wconf 83' lang='lat' dir='ltr'>diet,</span> <span class='ocrx_word' id='word_1_51' title='bbox 412 1324 442 1398; x_wconf 90' lang='lat' dir='ltr'><strong>si</strong></span> <span class='ocrx_word' id='word_1_52' title='bbox 469 1317 566 1422; x_wconf 85' lang='lat' dir='ltr'><strong>quid</strong></span> <span class='ocrx_word' id='word_1_53' title='bbox 587 1343 646 1392; x_wconf 90' lang='lat' dir='ltr'><strong>res</strong></span> <span class='ocrx_word' id='word_1_54' title='bbox 672 1317 779 1409; x_wconf 87' lang='lat' dir='ltr'><strong>serat,</strong></span> <span class='ocrx_word' id='word_1_55' title='bbox 805 1333 868 1392; x_wconf 85' lang='lat' dir='ltr'><strong>aut</strong></span> <span class='ocrx_word' id='word_1_56' title='bbox 888 1316 1290 1420; x_wconf 56' lang='lat' dir='ltr'><strong>Bpnantinorumjaut</strong></span> <span class='ocrx_word' id='word_1_57' title='bbox 1307 1308 1466 1384; x_wconf 86' lang='lat' dir='ltr'><strong>aliarum</strong></span> <span class='ocrx_word' id='word_1_58' title='bbox 1491 1317 1660 1413; x_wconf 89' lang='lat' dir='ltr'><strong>gentium</strong></span> <span class='ocrx_word' id='word_1_59' title='bbox 1682 1325 1902 1403; x_wconf 86' lang='lat' dir='ltr'><strong>orationem.</strong></span> 
     </span>
     <span class='ocr_line' id='line_1_8' title="bbox 296 1429 1905 1539; baseline 0.001 -21"><span class='ocrx_word' id='word_1_60' title='bbox 296 1442 404 1539; x_wconf 86' lang='lat' dir='ltr'><strong>Quid</strong></span> <span class='ocrx_word' id='word_1_61' title='bbox 421 1439 510 1516; x_wconf 91' lang='lat' dir='ltr'><strong>inde</strong></span> <span class='ocrx_word' id='word_1_62' title='bbox 531 1437 725 1528; x_wconf 89' lang='lat' dir='ltr'><strong>efficiatur,</strong></span> <span class='ocrx_word' id='word_1_63' title='bbox 750 1439 995 1538; x_wconf 83' lang='lat' dir='ltr'><strong>inpromptu</strong></span> <span class='ocrx_word' id='word_1_64' title='bbox 1015 1450 1084 1526; x_wconf 89' lang='lat' dir='ltr'><strong>est,</strong></span> <span class='ocrx_word' id='word_1_65' title='bbox 1110 1460 1197 1510; x_wconf 89' lang='lat' dir='ltr'><strong>cum</strong></span> <span class='ocrx_word' id='word_1_66' title='bbox 1221 1431 1294 1506; x_wconf 92' lang='lat' dir='ltr'><strong>boe</strong></span> <span class='ocrx_word' id='word_1_67' title='bbox 1315 1431 1430 1506; x_wconf 92' lang='lat' dir='ltr'><strong>modo</strong></span> <span class='ocrx_word' id='word_1_68' title='bbox 1448 1429 1528 1508; x_wconf 87' lang='lat' dir='ltr'><strong>lieri</strong></span> <span class='ocrx_word' id='word_1_69' title='bbox 1549 1453 1687 1538; x_wconf 85' lang='lat' dir='ltr'><strong>posset,</strong></span> <span class='ocrx_word' id='word_1_70' title='bbox 1709 1457 1905 1523; x_wconf 80' lang='lat' dir='ltr'><strong>ut&#39;omnes</strong></span> 
     </span>
     <span class='ocr_line' id='line_1_9' title="bbox 295 1555 1903 1660; baseline 0.001 -20"><span class='ocrx_word' id='word_1_71' title='bbox 295 1565 563 1641; x_wconf 84' lang='lat' dir='ltr'><strong>sententiarum</strong></span> <span class='ocrx_word' id='word_1_72' title='bbox 593 1563 762 1636; x_wconf 78' lang='lat' dir='ltr'><strong>rationes</strong></span> <span class='ocrx_word' id='word_1_73' title='bbox 788 1561 1100 1660; x_wconf 77' lang='lat' dir='ltr'><strong>exprimerentur.</strong></span> <span class='ocrx_word' id='word_1_74' title='bbox 1151 1555 1282 1655; x_wconf 87' lang='lat' dir='ltr'>Neque</span> <span class='ocrx_word' id='word_1_75' title='bbox 1315 1556 1499 1657; x_wconf 87' lang='lat' dir='ltr'><strong>ineptum</strong></span> <span class='ocrx_word' id='word_1_76' title='bbox 1514 1555 1718 1635; x_wconf 85' lang='lat' dir='ltr'><strong>dicendum</strong></span> <span class='ocrx_word' id='word_1_77' title='bbox 1744 1560 1835 1656; x_wconf 74' lang='lat' dir='ltr'><strong>erit,</strong></span> <span class='ocrx_word' id='word_1_78' title='bbox 1869 1565 1903 1642; x_wconf 77' lang='lat' dir='ltr'><strong>ti</strong></span> 
     </span>
     <span class='ocr_line' id='line_1_10' title="bbox 295 1677 1904 1784; baseline -0.002 -21"><span class='ocrx_word' id='word_1_79' title='bbox 295 1711 439 1777; x_wconf 78' lang='lat' dir='ltr'><strong>servus,</strong></span> <span class='ocrx_word' id='word_1_80' title='bbox 475 1682 581 1784; x_wconf 86' lang='lat' dir='ltr'><strong>cujus</strong></span> <span class='ocrx_word' id='word_1_81' title='bbox 611 1683 762 1781; x_wconf 91' lang='lat' dir='ltr'><strong>ingenio</strong></span> <span class='ocrx_word' id='word_1_82' title='bbox 794 1677 929 1752; x_wconf 91' lang='lat' dir='ltr'><strong>durior</strong></span> <span class='ocrx_word' id='word_1_83' title='bbox 959 1699 1082 1749; x_wconf 88' lang='lat' dir='ltr'><strong>sermo</strong></span> <span class='ocrx_word' id='word_1_84' title='bbox 1114 1680 1340 1752; x_wconf 74' lang='lat' dir='ltr'><strong>conveniens</strong></span> <span class='ocrx_word' id='word_1_85' title='bbox 1369 1678 1429 1767; x_wconf 87' lang='lat' dir='ltr'><strong>sit,</strong></span> <span class='ocrx_word' id='word_1_86' title='bbox 1462 1677 1704 1761; x_wconf 84' lang='lat' dir='ltr'><strong>Doriensium</strong></span> <span class='ocrx_word' id='word_1_87' title='bbox 1733 1685 1904 1760; x_wconf 84' lang='lat' dir='ltr'><strong>oratioue</strong></span> 
     </span>
     <span class='ocr_line' id='line_1_11' title="bbox 287 1795 1903 1908; baseline -0.01 -26"><span class='ocrx_word' id='word_1_88' title='bbox 287 1809 427 1902; x_wconf 87' lang='lat' dir='ltr'><strong>utitur,</strong></span> <span class='ocrx_word' id='word_1_89' title='bbox 454 1819 517 1878; x_wconf 91' lang='lat' dir='ltr'><strong>aut</strong></span> <span class='ocrx_word' id='word_1_90' title='bbox 538 1805 568 1876; x_wconf 89' lang='lat' dir='ltr'><strong>si</strong></span> <span class='ocrx_word' id='word_1_91' title='bbox 590 1803 675 1903; x_wconf 84' lang='lat' dir='ltr'><strong>quis</strong></span> <span class='ocrx_word' id='word_1_92' title='bbox 692 1796 1092 1900; x_wconf 71' lang='lat' dir='ltr'><strong>uehemens-gaudium</strong></span> <span class='ocrx_word' id='word_1_93' title='bbox 1116 1795 1309 1872; x_wconf 79' lang='lat' dir='ltr'><strong>effundere</strong></span> <span class='ocrx_word' id='word_1_94' title='bbox 1328 1797 1567 1908; x_wconf 82' lang='lat' dir='ltr'><strong>proponitur.</strong></span> <span class='ocrx_word' id='word_1_95' title='bbox 1618 1799 1705 1876; x_wconf 90' lang='lat' dir='ltr'><strong>Jam</strong></span> <span class='ocrx_word' id='word_1_96' title='bbox 1726 1828 1817 1887; x_wconf 72' lang='lat' dir='ltr'><strong>vero</strong></span> <span class='ocrx_word' id='word_1_97' title='bbox 1838 1828 1903 1882; x_wconf 63' lang='grc' dir='ltr'><strong>α.</strong></span> 
     </span>
     <span class='ocr_line' id='line_1_12' title="bbox 295 1915 1904 2030; baseline -0.007 -26"><span class='ocrx_word' id='word_1_98' title='bbox 295 1922 517 2030; x_wconf 83' lang='lat' dir='ltr'><strong>plicandum</strong></span> <span class='ocrx_word' id='word_1_99' title='bbox 542 1937 608 2012; x_wconf 85' lang='lat' dir='ltr'><strong>cst,</strong></span> <span class='ocrx_word' id='word_1_100' title='bbox 634 1936 771 2021; x_wconf 55' lang='lat' dir='ltr'><strong>manta</strong></span> <span class='ocrx_word' id='word_1_101' title='bbox 796 1917 875 2018; x_wconf 89' lang='lat' dir='ltr'><strong>ejus</strong></span> <span class='ocrx_word' id='word_1_102' title='bbox 902 1945 961 1992; x_wconf 90' lang='lat' dir='ltr'><strong>ars</strong></span> <span class='ocrx_word' id='word_1_103' title='bbox 984 1915 1162 1992; x_wconf 81' lang='lat' dir='ltr'><strong>fueritin</strong></span> <span class='ocrx_word' id='word_1_104' title='bbox 1185 1919 1346 2018; x_wconf 80' lang='lat' dir='ltr'><strong>tragicae</strong></span> <span class='ocrx_word' id='word_1_105' title='bbox 1370 1916 1549 1990; x_wconf 87' lang='lat' dir='ltr'><strong>orationis</strong></span> <span class='ocrx_word' id='word_1_106' title='bbox 1566 1943 1681 1993; x_wconf 59' lang='lat' dir='ltr'><strong>usuc</strong></span> <span class='ocrx_word' id='word_1_107' title='bbox 1708 1922 1794 2011; x_wconf 63' lang='lat' dir='ltr'><strong>Sed.</strong></span> <span class='ocrx_word' id='word_1_108' title='bbox 1809 1942 1904 2027; x_wconf 79' lang='lat' dir='ltr'><strong>quo.</strong></span> 
     </span>
     <span class='ocr_line' id='line_1_13' title="bbox 296 2038 1905 2147; baseline -0.003 -24"><span class='ocrx_word' id='word_1_109' title='bbox 296 2051 397 2123; x_wconf 91' lang='lat' dir='ltr'><strong>niam</strong></span> <span class='ocrx_word' id='word_1_110' title='bbox 421 2041 591 2143; x_wconf 90' lang='lat' dir='ltr'><strong>exempla</strong></span> <span class='ocrx_word' id='word_1_111' title='bbox 620 2065 735 2141; x_wconf 86' lang='lat' dir='ltr'><strong>supra</strong></span> <span class='ocrx_word' id='word_1_112' title='bbox 766 2039 876 2114; x_wconf 84' lang='lat' dir='ltr'><strong>allata</strong></span> <span class='ocrx_word' id='word_1_113' title='bbox 899 2055 999 2131; x_wconf 88' lang='lat' dir='ltr'><strong>sunt,</strong></span> <span class='ocrx_word' id='word_1_114' title='bbox 1038 2066 1084 2113; x_wconf 82' lang='lat' dir='ltr'><strong>ex</strong></span> <span class='ocrx_word' id='word_1_115' title='bbox 1111 2038 1249 2142; x_wconf 86' lang='lat' dir='ltr'><strong>quibus</strong></span> <span class='ocrx_word' id='word_1_116' title='bbox 1284 2040 1446 2141; x_wconf 83' lang='lat' dir='ltr'><strong>perspici</strong></span> <span class='ocrx_word' id='word_1_117' title='bbox 1478 2052 1614 2139; x_wconf 90' lang='lat' dir='ltr'><strong>potest,</strong></span> <span class='ocrx_word' id='word_1_118' title='bbox 1651 2041 1702 2118; x_wconf 82' lang='lat' dir='ltr'><strong>ad</strong></span> <span class='ocrx_word' id='word_1_119' title='bbox 1722 2062 1905 2147; x_wconf 69' lang='lat' dir='ltr'><strong>quanm</strong></span> 
     </span>
     <span class='ocr_line' id='line_1_14' title="bbox 202 2147 1903 2265; baseline -0.009 -20"><span class='ocrx_word' id='word_1_120' title='bbox 202 2147 207 2167; x_wconf 51' lang='lat'><em>¹</em></span> <span class='ocrx_word' id='word_1_121' title='bbox 295 2172 408 2246; x_wconf 90' lang='lat' dir='ltr'><strong>animi</strong></span> <span class='ocrx_word' id='word_1_122' title='bbox 433 2166 631 2242; x_wconf 89' lang='lat' dir='ltr'><strong>elationem</strong></span> <span class='ocrx_word' id='word_1_123' title='bbox 655 2175 692 2235; x_wconf 91' lang='lat' dir='ltr'><strong>et</strong></span> <span class='ocrx_word' id='word_1_124' title='bbox 715 2157 821 2235; x_wconf 88' lang='lat' dir='ltr'><strong>chori</strong></span> <span class='ocrx_word' id='word_1_125' title='bbox 852 2175 889 2235; x_wconf 89' lang='lat' dir='ltr'><strong>et</strong></span> <span class='ocrx_word' id='word_1_126' title='bbox 912 2161 976 2235; x_wconf 89' lang='lat' dir='ltr'><strong>alii</strong></span> <span class='ocrx_word' id='word_1_127' title='bbox 992 2161 1229 2236; x_wconf 68' lang='lat' dir='ltr'><strong>fabularum·</strong></span> <span class='ocrx_word' id='word_1_128' title='bbox 1246 2161 1319 2235; x_wconf 88' lang='lat' dir='ltr'><strong>loci</strong></span> <span class='ocrx_word' id='word_1_129' title='bbox 1342 2185 1420 2235; x_wconf 89' lang='lat' dir='ltr'><strong>sese</strong></span> <span class='ocrx_word' id='word_1_130' title='bbox 1445 2159 1627 2254; x_wconf 78' lang='lat' dir='ltr'><strong>attollant,</strong></span> <span class='ocrx_word' id='word_1_131' title='bbox 1659 2168 1821 2265; x_wconf 59' lang='lat' dir='ltr'><strong>(pomum</strong></span> <span class='ocrx_word' id='word_1_132' title='bbox 1841 2167 1903 2245; x_wconf 70' lang='lat' dir='ltr'><strong>di.</strong></span> 
     </span>
     <span class='ocr_line' id='line_1_15' title="bbox 294 2277 1905 2390; baseline -0.004 -24"><span class='ocrx_word' id='word_1_133' title='bbox 294 2289 403 2367; x_wconf 92' lang='lat' dir='ltr'><strong>cendi</strong></span> <span class='ocrx_word' id='word_1_134' title='bbox 429 2313 544 2390; x_wconf 88' lang='lat' dir='ltr'><strong>genus</strong></span> <span class='ocrx_word' id='word_1_135' title='bbox 565 2287 704 2387; x_wconf 90' lang='lat' dir='ltr'><strong>optime</strong></span> <span class='ocrx_word' id='word_1_136' title='bbox 728 2297 923 2382; x_wconf 82' lang='lat' dir='ltr'><strong>congruat,</strong></span> <span class='ocrx_word' id='word_1_137' title='bbox 960 2309 1038 2357; x_wconf 89' lang='lat' dir='ltr'><strong>non</strong></span> <span class='ocrx_word' id='word_1_138' title='bbox 1061 2309 1155 2386; x_wconf 88' lang='lat' dir='ltr'><strong>opus</strong></span> <span class='ocrx_word' id='word_1_139' title='bbox 1177 2297 1231 2358; x_wconf 88' lang='lat' dir='ltr'><strong>est</strong></span> <span class='ocrx_word' id='word_1_140' title='bbox 1254 2277 1365 2380; x_wconf 88' lang='lat' dir='ltr'><strong>hujus</strong></span> <span class='ocrx_word' id='word_1_141' title='bbox 1387 2282 1443 2355; x_wconf 92' lang='lat' dir='ltr'><strong>rei</strong></span> <span class='ocrx_word' id='word_1_142' title='bbox 1470 2281 1723 2383; x_wconf 80' lang='lat' dir='ltr'><strong>explicatione.</strong></span> <span class='ocrx_word' id='word_1_143' title='bbox 1753 2285 1905 2383; x_wconf 44' lang='lat' dir='ltr'><strong>aQuam</strong></span> 
     </span>
     <span class='ocr_line' id='line_1_16' title="bbox 294 2400 1904 2507; baseline 0 -19"><span class='ocrx_word' id='word_1_144' title='bbox 294 2412 404 2488; x_wconf 88' lang='lat' dir='ltr'><strong>docte</strong></span> <span class='ocrx_word' id='word_1_145' title='bbox 426 2425 548 2484; x_wconf 90' lang='lat' dir='ltr'><strong>autem</strong></span> <span class='ocrx_word' id='word_1_146' title='bbox 567 2423 679 2507; x_wconf 87' lang='lat' dir='ltr'><strong>atque</strong></span> <span class='ocrx_word' id='word_1_147' title='bbox 698 2404 875 2479; x_wconf 85' lang='lat' dir='ltr'><strong>audacter</strong></span> <span class='ocrx_word' id='word_1_148' title='bbox 893 2420 1002 2506; x_wconf 85' lang='lat' dir='ltr'><strong>poeta</strong></span> <span class='ocrx_word' id='word_1_149' title='bbox 1019 2407 1249 2506; x_wconf 85' lang='lat' dir='ltr'><strong>tragicorum</strong></span> <span class='ocrx_word' id='word_1_150' title='bbox 1268 2404 1476 2479; x_wconf 87' lang='lat' dir='ltr'><strong>orationem</strong></span> <span class='ocrx_word' id='word_1_151' title='bbox 1492 2400 1712 2498; x_wconf 81' lang='lat' dir='ltr'><strong>traduxerit,</strong></span> <span class='ocrx_word' id='word_1_152' title='bbox 1732 2421 1776 2484; x_wconf 94' lang='lat' dir='ltr'><strong>ut</strong></span> <span class='ocrx_word' id='word_1_153' title='bbox 1791 2409 1904 2488; x_wconf 78' lang='lat' dir='ltr'><strong>etiam</strong></span> 
     </span>
     <span class='ocr_line' id='line_1_17' title="bbox 296 2521 1903 2625; baseline -0.006 -17"><span class='ocrx_word' id='word_1_154' title='bbox 296 2534 432 2608; x_wconf 89' lang='lat' dir='ltr'><strong>imitari</strong></span> <span class='ocrx_word' id='word_1_155' title='bbox 445 2530 535 2605; x_wconf 60' lang='lat' dir='ltr'><strong>&#39;non</strong></span> <span class='ocrx_word' id='word_1_156' title='bbox 555 2528 747 2616; x_wconf 87' lang='lat' dir='ltr'><strong>abnueret,</strong></span> <span class='ocrx_word' id='word_1_157' title='bbox 770 2527 836 2625; x_wconf 89' lang='lat' dir='ltr'><strong>qui</strong></span> <span class='ocrx_word' id='word_1_158' title='bbox 861 2526 1066 2598; x_wconf 84' lang='lat' dir='ltr'><strong>accuratius</strong></span> <span class='ocrx_word' id='word_1_159' title='bbox 1080 2547 1306 2624; x_wconf 84' lang='lat' dir='ltr'><strong>cognoscere</strong></span> <span class='ocrx_word' id='word_1_160' title='bbox 1328 2523 1447 2622; x_wconf 89' lang='lat' dir='ltr'><strong>cupit,</strong></span> <span class='ocrx_word' id='word_1_161' title='bbox 1469 2522 1499 2596; x_wconf 87' lang='lat' dir='ltr'><strong>is</strong></span> <span class='ocrx_word' id='word_1_162' title='bbox 1522 2521 1628 2599; x_wconf 81' lang='lat' dir='ltr'><strong>adeat</strong></span> <span class='ocrx_word' id='word_1_163' title='bbox 1640 2527 1830 2607; x_wconf 79' lang='lat' dir='ltr'><strong>honarum</strong></span> <span class='ocrx_word' id='word_1_164' title='bbox 1849 2528 1903 2607; x_wconf 77' lang='lat' dir='ltr'><strong>fa-</strong></span> 
     </span>
     <span class='ocr_line' id='line_1_18' title="bbox 295 2641 1903 2752; baseline -0.002 -21"><span class='ocrx_word' id='word_1_165' title='bbox 295 2656 425 2733; x_wconf 90' lang='lat' dir='ltr'><strong>bulam</strong></span> <span class='ocrx_word' id='word_1_166' title='bbox 449 2658 488 2728; x_wconf 91' lang='lat' dir='ltr'><strong>in</strong></span> <span class='ocrx_word' id='word_1_167' title='bbox 523 2676 641 2752; x_wconf 90' lang='lat' dir='ltr'><strong>eaque</strong></span> <span class='ocrx_word' id='word_1_168' title='bbox 657 2676 704 2723; x_wconf 88' lang='lat' dir='ltr'><strong>re</strong></span> <span class='ocrx_word' id='word_1_169' title='bbox 724 2647 906 2739; x_wconf 89' lang='lat' dir='ltr'><strong>consulat,</strong></span> <span class='ocrx_word' id='word_1_170' title='bbox 932 2645 1038 2748; x_wconf 91' lang='lat' dir='ltr'><strong>quod</strong></span> <span class='ocrx_word' id='word_1_171' title='bbox 1057 2646 1277 2721; x_wconf 82' lang='lat' dir='ltr'><strong>Welckcrus</strong></span> <span class='ocrx_word' id='word_1_172' title='bbox 1300 2642 1350 2721; x_wconf 91' lang='lat' dir='ltr'><strong>ad</strong></span> <span class='ocrx_word' id='word_1_173' title='bbox 1373 2641 1706 2746; x_wconf 82' lang='lat' dir='ltr'><strong>multoaejusdcm</strong></span> <span class='ocrx_word' id='word_1_174' title='bbox 1722 2647 1823 2727; x_wconf 81' lang='lat' dir='ltr'><strong>locos</strong></span> <span class='ocrx_word' id='word_1_175' title='bbox 1842 2647 1903 2727; x_wconf 85' lang='lat' dir='ltr'><strong>di·</strong></span> 
     </span>
     <span class='ocr_line' id='line_1_19' title="bbox 296 2764 1902 2880; baseline -0.003 -28"><span class='ocrx_word' id='word_1_176' title='bbox 296 2777 454 2880; x_wconf 90' lang='lat' dir='ltr'><strong>ligenter</strong></span> <span class='ocrx_word' id='word_1_177' title='bbox 477 2773 733 2848; x_wconf 78' lang='lat' dir='ltr'><strong>annotavitss·</strong></span> <span class='ocrx_word' id='word_1_178' title='bbox 783 2769 986 2869; x_wconf 85' lang='lat' dir='ltr'><strong>Reliquum</strong></span> <span class='ocrx_word' id='word_1_179' title='bbox 1011 2781 1077 2857; x_wconf 89' lang='lat' dir='ltr'><strong>est,</strong></span> <span class='ocrx_word' id='word_1_180' title='bbox 1105 2780 1147 2839; x_wconf 95' lang='lat' dir='ltr'><strong>ut</strong></span> <span class='ocrx_word' id='word_1_181' title='bbox 1171 2765 1218 2841; x_wconf 92' lang='lat' dir='ltr'><strong>de</strong></span> <span class='ocrx_word' id='word_1_182' title='bbox 1238 2765 1431 2839; x_wconf 88' lang='lat' dir='ltr'><strong>nonnullis</strong></span> <span class='ocrx_word' id='word_1_183' title='bbox 1448 2764 1531 2840; x_wconf 85' lang='lat' dir='ltr'><strong>aliis</strong></span> <span class='ocrx_word' id='word_1_184' title='bbox 1550 2766 1670 2866; x_wconf 87' lang='lat' dir='ltr'><strong>poetis</strong></span> <span class='ocrx_word' id='word_1_185' title='bbox 1691 2764 1902 2868; x_wconf 70' lang='lat' dir='ltr'><strong>adjicitur,</strong></span> 
     </span>
     <span class='ocr_line' id='line_1_20' title="bbox 195 2887 1903 3001; baseline -0.007 -28"><span class='ocrx_word' id='word_1_186' title='bbox 195 2890 197 2894; x_wconf 6' lang='grc' dir='ltr'>ὗ</span> <span class='ocrx_word' id='word_1_187' title='bbox 296 2913 477 3001; x_wconf 89' lang='lat' dir='ltr'><strong>quantum</strong></span> <span class='ocrx_word' id='word_1_188' title='bbox 513 2898 553 2970; x_wconf 91' lang='lat' dir='ltr'><strong>in</strong></span> <span class='ocrx_word' id='word_1_189' title='bbox 584 2890 734 2967; x_wconf 89' lang='lat' dir='ltr'><strong>dicendi</strong></span> <span class='ocrx_word' id='word_1_190' title='bbox 768 2914 904 2992; x_wconf 86' lang='lat' dir='ltr'><strong>genere</strong></span> <span class='ocrx_word' id='word_1_191' title='bbox 931 2888 1170 2966; x_wconf 87' lang='lat' dir='ltr'><strong>elaborariut.</strong></span> <span class='ocrx_word' id='word_1_192' title='bbox 1224 2889 1361 2968; x_wconf 85' lang='lat' dir='ltr'><strong>Fertur</strong></span> <span class='ocrx_word' id='word_1_193' title='bbox 1393 2912 1527 2962; x_wconf 90' lang='lat' dir='ltr'><strong>eorum</strong></span> <span class='ocrx_word' id='word_1_194' title='bbox 1550 2887 1787 2990; x_wconf 73' lang='lat' dir='ltr'><strong>Phrynichus</strong></span> <span class='ocrx_word' id='word_1_195' title='bbox 1819 2891 1903 2970; x_wconf 74' lang='lat' dir='ltr'><strong>talis</strong></span> 
     </span>
     <span class='ocr_line' id='line_1_21' title="bbox 296 3009 1902 3117; baseline -0.001 -23"><span class='ocrx_word' id='word_1_196' title='bbox 296 3018 423 3110; x_wconf 82' lang='lat' dir='ltr'><strong>fuisse,</strong></span> <span class='ocrx_word' id='word_1_197' title='bbox 460 3017 534 3117; x_wconf 86' lang='lat' dir='ltr'><strong>qui</strong></span> <span class='ocrx_word' id='word_1_198' title='bbox 558 3009 738 3111; x_wconf 85' lang='lat' dir='ltr'><strong>singulari</strong></span> <span class='ocrx_word' id='word_1_199' title='bbox 770 3011 949 3112; x_wconf 82' lang='lat' dir='ltr'><strong>elegantia</strong></span> <span class='ocrx_word' id='word_1_200' title='bbox 976 3023 1012 3081; x_wconf 89' lang='lat' dir='ltr'><strong>et</strong></span> <span class='ocrx_word' id='word_1_201' title='bbox 1038 3010 1173 3082; x_wconf 89' lang='lat' dir='ltr'><strong>eximio</strong></span> <span class='ocrx_word' id='word_1_202' title='bbox 1197 3011 1329 3111; x_wconf 85' lang='lat' dir='ltr'><strong>rigore</strong></span> <span class='ocrx_word' id='word_1_203' title='bbox 1353 3011 1578 3112; x_wconf 88' lang='lat' dir='ltr'><strong>conspicuus</strong></span> <span class='ocrx_word' id='word_1_204' title='bbox 1602 3025 1708 3104; x_wconf 81' lang='lat' dir='ltr'><strong>esset,</strong></span> <span class='ocrx_word' id='word_1_205' title='bbox 1740 3028 1784 3090; x_wconf 88' lang='lat' dir='ltr'><strong>ut</strong></span> <span class='ocrx_word' id='word_1_206' title='bbox 1808 3014 1902 3093; x_wconf 78' lang='lat' dir='ltr'><strong>Mai·</strong></span> 
     </span>
     <span class='ocr_line' id='line_1_22' title="bbox 295 3129 1902 3238; baseline -0.004 -24"><span class='ocrx_word' id='word_1_207' title='bbox 295 3139 395 3214; x_wconf 78' lang='lat' dir='ltr'><strong>nekii</strong></span> <span class='ocrx_word' id='word_1_208' title='bbox 418 3134 534 3210; x_wconf 83' lang='lat' dir='ltr'><strong>rerba</strong></span> <span class='ocrx_word' id='word_1_209' title='bbox 557 3158 639 3204; x_wconf 90' lang='lat' dir='ltr'><strong>mea</strong></span> <span class='ocrx_word' id='word_1_210' title='bbox 663 3129 864 3221; x_wconf 73' lang='lat' dir='ltr'><strong>faciam,12·</strong></span> <span class='ocrx_word' id='word_1_211' title='bbox 890 3131 1034 3231; x_wconf 84' lang='lat' dir='ltr'><strong>quique</strong></span> <span class='ocrx_word' id='word_1_212' title='bbox 1061 3129 1114 3202; x_wconf 87' lang='lat' dir='ltr'><strong>eis</strong></span> <span class='ocrx_word' id='word_1_213' title='bbox 1139 3129 1443 3206; x_wconf 83' lang='lat' dir='ltr'><strong>annumerandus</strong></span> <span class='ocrx_word' id='word_1_214' title='bbox 1465 3146 1571 3224; x_wconf 89' lang='lat' dir='ltr'><strong>esset,</strong></span> <span class='ocrx_word' id='word_1_215' title='bbox 1596 3152 1765 3235; x_wconf 85' lang='lat' dir='ltr'><strong>quorum</strong></span> <span class='ocrx_word' id='word_1_216' title='bbox 1787 3158 1902 3238; x_wconf 81' lang='lat' dir='ltr'><strong>opera</strong></span> 
     </span>
     <span class='ocr_line' id='line_1_23' title="bbox 288 3248 1904 3360; baseline 0.007 -37"><span class='ocrx_word' id='word_1_217' title='bbox 288 3248 449 3359; x_wconf 74' lang='lat' dir='ltr'><strong>‚antiqua</strong></span> <span class='ocrx_word' id='word_1_218' title='bbox 471 3251 665 3329; x_wconf 82' lang='lat' dir='ltr'><strong>comoedia</strong></span> <span class='ocrx_word' id='word_1_219' title='bbox 689 3255 848 3326; x_wconf 85' lang='lat' dir='ltr'><strong>maxime</strong></span> <span class='ocrx_word' id='word_1_220' title='bbox 872 3250 1116 3324; x_wconf 83' lang='lat' dir='ltr'><strong>excoleretur.</strong></span> <span class='ocrx_word' id='word_1_221' title='bbox 1131 3251 1176 3309; x_wconf 83' lang='lat'><strong>¹³·</strong></span> <span class='ocrx_word' id='word_1_222' title='bbox 1228 3251 1486 3356; x_wconf 84' lang='lat' dir='ltr'><strong>Quaecunque</strong></span> <span class='ocrx_word' id='word_1_223' title='bbox 1510 3270 1636 3355; x_wconf 87' lang='lat' dir='ltr'><strong>autem</strong></span> <span class='ocrx_word' id='word_1_224' title='bbox 1658 3257 1692 3330; x_wconf 95' lang='lat' dir='ltr'><strong>ei</strong></span> <span class='ocrx_word' id='word_1_225' title='bbox 1717 3254 1904 3360; x_wconf 85' lang='lat' dir='ltr'><strong>objiciun-</strong></span> 
     </span>
     <span class='ocr_line' id='line_1_24' title="bbox 293 3373 1903 3481; baseline 0 -25"><span class='ocrx_word' id='word_1_226' title='bbox 293 3392 370 3473; x_wconf 84' lang='lat' dir='ltr'><strong>tur,</strong></span> <span class='ocrx_word' id='word_1_227' title='bbox 407 3380 577 3481; x_wconf 84' lang='lat' dir='ltr'><strong>quamvis</strong></span> <span class='ocrx_word' id='word_1_228' title='bbox 601 3376 815 3476; x_wconf 86' lang='lat' dir='ltr'><strong>gravissima</strong></span> <span class='ocrx_word' id='word_1_229' title='bbox 839 3375 926 3462; x_wconf 90' lang='lat' dir='ltr'><strong>sint,</strong></span> <span class='ocrx_word' id='word_1_230' title='bbox 967 3384 1089 3446; x_wconf 86' lang='lat' dir='ltr'><strong>tamen</strong></span> <span class='ocrx_word' id='word_1_231' title='bbox 1115 3399 1202 3449; x_wconf 90' lang='lat' dir='ltr'><strong>cum</strong></span> <span class='ocrx_word' id='word_1_232' title='bbox 1227 3378 1279 3451; x_wconf 90' lang='lat' dir='ltr'><strong>eis</strong></span> <span class='ocrx_word' id='word_1_233' title='bbox 1303 3377 1440 3451; x_wconf 87' lang='lat' dir='ltr'><strong>sentire</strong></span> <span class='ocrx_word' id='word_1_234' title='bbox 1466 3401 1544 3452; x_wconf 92' lang='lat' dir='ltr'><strong>non</strong></span> <span class='ocrx_word' id='word_1_235' title='bbox 1568 3373 1718 3470; x_wconf 89' lang='lat' dir='ltr'><strong>dubito,</strong></span> <span class='ocrx_word' id='word_1_236' title='bbox 1756 3381 1825 3481; x_wconf 79' lang='lat' dir='ltr'><strong>qui</strong></span> <span class='ocrx_word' id='word_1_237' title='bbox 1854 3404 1903 3456; x_wconf 77' lang='lat' dir='ltr'><strong>ex</strong></span> 
     </span>
     <span class='ocr_line' id='line_1_25' title="bbox 287 3493 1902 3604; baseline 0.001 -28"><span class='ocrx_word' id='word_1_238' title='bbox 287 3518 424 3577; x_wconf 88' lang='lat' dir='ltr'><strong>mutuo</strong></span> <span class='ocrx_word' id='word_1_239' title='bbox 452 3495 683 3574; x_wconf 79' lang='lat' dir='ltr'><strong>obtrectandi</strong></span> <span class='ocrx_word' id='word_1_240' title='bbox 705 3495 843 3585; x_wconf 86' lang='lat' dir='ltr'><strong>studio,</strong></span> <span class='ocrx_word' id='word_1_241' title='bbox 871 3493 982 3595; x_wconf 89' lang='lat' dir='ltr'><strong>quale</strong></span> <span class='ocrx_word' id='word_1_242' title='bbox 1006 3494 1111 3595; x_wconf 92' lang='lat' dir='ltr'><strong>apud</strong></span> <span class='ocrx_word' id='word_1_243' title='bbox 1133 3499 1297 3573; x_wconf 88' lang='lat' dir='ltr'><strong>comicos</strong></span> <span class='ocrx_word' id='word_1_244' title='bbox 1319 3501 1495 3574; x_wconf 86' lang='lat' dir='ltr'><strong>usitatum</strong></span> <span class='ocrx_word' id='word_1_245' title='bbox 1516 3514 1629 3592; x_wconf 60' lang='lat' dir='ltr'><strong>&#39;esset</strong></span> <span class='ocrx_word' id='word_1_246' title='bbox 1656 3498 1806 3581; x_wconf 70' lang='lat' dir='ltr'><strong>timbre</strong></span> <span class='ocrx_word' id='word_1_247' title='bbox 1829 3527 1902 3604; x_wconf 88' lang='lat' dir='ltr'><strong>pu·</strong></span> 
     </span>
     <span class='ocr_line' id='line_1_26' title="bbox 288 3614 1903 3718; baseline 0.002 -22"><span class='ocrx_word' id='word_1_248' title='bbox 288 3625 417 3698; x_wconf 85' lang='lat' dir='ltr'><strong>tarint</strong></span> <span class='ocrx_word' id='word_1_249' title='bbox 467 3616 593 3718; x_wconf 88' lang='lat' dir='ltr'><strong>Major</strong></span> <span class='ocrx_word' id='word_1_250' title='bbox 620 3617 729 3690; x_wconf 92' lang='lat' dir='ltr'><strong>etiam</strong></span> <span class='ocrx_word' id='word_1_251' title='bbox 752 3616 831 3689; x_wconf 92' lang='lat' dir='ltr'><strong>laus</strong></span> <span class='ocrx_word' id='word_1_252' title='bbox 855 3614 1000 3688; x_wconf 89' lang='lat' dir='ltr'><strong>Platoni</strong></span> <span class='ocrx_word' id='word_1_253' title='bbox 1027 3614 1229 3708; x_wconf 86' lang='lat' dir='ltr'><strong>tribuatur,</strong></span> <span class='ocrx_word' id='word_1_254' title='bbox 1247 3644 1396 3696; x_wconf 86' lang='lat' dir='ltr'><strong>necesse</strong></span> <span class='ocrx_word' id='word_1_255' title='bbox 1421 3635 1488 3712; x_wconf 89' lang='lat' dir='ltr'><strong>est,</strong></span> <span class='ocrx_word' id='word_1_256' title='bbox 1512 3623 1546 3697; x_wconf 81' lang='lat' dir='ltr'><strong>oi</strong></span> <span class='ocrx_word' id='word_1_257' title='bbox 1564 3618 1679 3696; x_wconf 87' lang='lat' dir='ltr'><strong>fidem</strong></span> <span class='ocrx_word' id='word_1_258' title='bbox 1692 3618 1903 3709; x_wconf 72' lang='lat' dir='ltr'><strong>habeamus</strong></span> 
     </span>
     <span class='ocr_line' id='line_1_27' title="bbox 294 3732 1901 3844; baseline 0.002 -27"><span class='ocrx_word' id='word_1_259' title='bbox 294 3747 360 3834; x_wconf 91' lang='lat' dir='ltr'><strong>eis,</strong></span> <span class='ocrx_word' id='word_1_260' title='bbox 386 3768 482 3842; x_wconf 88' lang='lat' dir='ltr'><strong>quae</strong></span> <span class='ocrx_word' id='word_1_261' title='bbox 504 3752 646 3811; x_wconf 81' lang='lat' dir='ltr'><strong>veteres</strong></span> <span class='ocrx_word' id='word_1_262' title='bbox 670 3735 718 3810; x_wconf 91' lang='lat' dir='ltr'><strong>de</strong></span> <span class='ocrx_word' id='word_1_263' title='bbox 736 3732 816 3836; x_wconf 85' lang='lat' dir='ltr'><strong>ejus</strong></span> <span class='ocrx_word' id='word_1_264' title='bbox 840 3736 960 3838; x_wconf 89' lang='lat' dir='ltr'><strong>gloria</strong></span> <span class='ocrx_word' id='word_1_265' title='bbox 978 3734 1182 3811; x_wconf 88' lang='lat' dir='ltr'><strong>tradidere.</strong></span> <span class='ocrx_word' id='word_1_266' title='bbox 1232 3742 1328 3816; x_wconf 89' lang='lat' dir='ltr'><strong>Sunt</strong></span> <span class='ocrx_word' id='word_1_267' title='bbox 1353 3743 1453 3817; x_wconf 88' lang='lat' dir='ltr'><strong>enim</strong></span> <span class='ocrx_word' id='word_1_268' title='bbox 1471 3755 1579 3818; x_wconf 84' lang='lat' dir='ltr'><strong>testes</strong></span> <span class='ocrx_word' id='word_1_269' title='bbox 1603 3741 1901 3844; x_wconf 76' lang='lat' dir='ltr'><strong>locupletissimi,</strong></span> 
     </span>
     <span class='ocr_line' id='line_1_28' title="bbox 291 3857 1903 3953; baseline 0.001 -14"><span class='ocrx_word' id='word_1_270' title='bbox 291 3863 504 3941; x_wconf 78' lang='lat' dir='ltr'><strong>adhibuisse</strong></span> <span class='ocrx_word' id='word_1_271' title='bbox 530 3887 615 3935; x_wconf 92' lang='lat' dir='ltr'><strong>eum</strong></span> <span class='ocrx_word' id='word_1_272' title='bbox 640 3862 788 3946; x_wconf 75' lang='grc' dir='ltr'><em>λαμπρὸν</em></span> <span class='ocrx_word' id='word_1_273' title='bbox 803 3867 996 3948; x_wconf 72' lang='grc' dir='ltr'><strong><em>χαρακτῆρα</em></strong></span> <span class='ocrx_word' id='word_1_274' title='bbox 1020 3860 1061 3931; x_wconf 88' lang='lat' dir='ltr'><strong>in</strong></span> <span class='ocrx_word' id='word_1_275' title='bbox 1090 3857 1241 3953; x_wconf 88' lang='lat' dir='ltr'><strong>fabulis,</strong></span> <span class='ocrx_word' id='word_1_276' title='bbox 1282 3877 1324 3937; x_wconf 93' lang='lat' dir='ltr'><strong>ut</strong></span> <span class='ocrx_word' id='word_1_277' title='bbox 1352 3864 1488 3939; x_wconf 88' lang='lat' dir='ltr'><strong>merito</strong></span> <span class='ocrx_word' id='word_1_278' title='bbox 1515 3861 1564 3938; x_wconf 86' lang='lat' dir='ltr'><strong>ad</strong></span> <span class='ocrx_word' id='word_1_279' title='bbox 1595 3861 1738 3939; x_wconf 86' lang='lat' dir='ltr'><strong>Cratini</strong></span> <span class='ocrx_word' id='word_1_280' title='bbox 1769 3862 1903 3941; x_wconf 80' lang='lat' dir='ltr'><strong>laudes</strong></span> 
     </span>
     <span class='ocr_line' id='line_1_29' title="bbox 292 3975 1903 4088; baseline 0.001 -26"><span class='ocrx_word' id='word_1_281' title='bbox 292 3985 484 4062; x_wconf 87' lang='lat' dir='ltr'><strong>accessisse</strong></span> <span class='ocrx_word' id='word_1_282' title='bbox 504 3980 696 4056; x_wconf 87' lang='lat' dir='ltr'><strong>habendus</strong></span> <span class='ocrx_word' id='word_1_283' title='bbox 716 3981 775 4069; x_wconf 90' lang='lat' dir='ltr'><strong>sit,</strong></span> <span class='ocrx_word' id='word_1_284' title='bbox 798 3975 839 4049; x_wconf 91' lang='lat' dir='ltr'><strong>id</strong></span> <span class='ocrx_word' id='word_1_285' title='bbox 860 3975 966 4076; x_wconf 88' lang='lat' dir='ltr'><strong>quod</strong></span> <span class='ocrx_word' id='word_1_286' title='bbox 987 3977 1284 4082; x_wconf 80' lang='lat' dir='ltr'><strong>fragmentorum</strong></span> <span class='ocrx_word' id='word_1_287' title='bbox 1302 3981 1430 4088; x_wconf 82' lang='lat' dir='ltr'><strong>indole</strong></span> <span class='ocrx_word' id='word_1_288' title='bbox 1448 3984 1535 4060; x_wconf 82' lang='lat' dir='ltr'><strong>satis</strong></span> <span class='ocrx_word' id='word_1_289' title='bbox 1554 3981 1735 4062; x_wconf 72' lang='lat' dir='ltr'><strong>firmatim</strong></span> <span class='ocrx_word' id='word_1_290' title='bbox 1748 3981 1795 4059; x_wconf 60' lang='lat'><strong>¹4·</strong></span> <span class='ocrx_word' id='word_1_291' title='bbox 1823 3983 1903 4063; x_wconf 68' lang='lat' dir='ltr'><strong>hd·</strong></span> 
     </span>
     <span class='ocr_line' id='line_1_30' title="bbox 292 4098 1902 4210; baseline 0.001 -26"><span class='ocrx_word' id='word_1_292' title='bbox 292 4108 470 4210; x_wconf 91' lang='lat' dir='ltr'><strong>jungatur</strong></span> <span class='ocrx_word' id='word_1_293' title='bbox 488 4130 585 4179; x_wconf 89' lang='lat' dir='ltr'><strong>uuus</strong></span> <span class='ocrx_word' id='word_1_294' title='bbox 604 4102 857 4199; x_wconf 80' lang='lat' dir='ltr'><strong>Pherecrates,</strong></span> <span class='ocrx_word' id='word_1_295' title='bbox 881 4098 989 4198; x_wconf 84' lang='lat' dir='ltr'><strong>cujus</strong></span> <span class='ocrx_word' id='word_1_296' title='bbox 1013 4102 1136 4186; x_wconf 80' lang='lat' dir='ltr'><strong>virtus</strong></span> <span class='ocrx_word' id='word_1_297' title='bbox 1157 4100 1197 4174; x_wconf 92' lang='lat' dir='ltr'><strong>in</strong></span> <span class='ocrx_word' id='word_1_298' title='bbox 1221 4099 1383 4178; x_wconf 88' lang='lat' dir='ltr'><strong>dicendo</strong></span> <span class='ocrx_word' id='word_1_299' title='bbox 1403 4117 1504 4181; x_wconf 86' lang='lat' dir='ltr'><strong>tauta</strong></span> <span class='ocrx_word' id='word_1_300' title='bbox 1525 4103 1640 4185; x_wconf 73' lang='lat' dir='ltr'><strong>tuias</strong></span> <span class='ocrx_word' id='word_1_301' title='bbox 1663 4103 1902 4208; x_wconf 74' lang='lat' dir='ltr'><strong>perhibetur,</strong></span> 
     </span>
    </p>
   </div>
   <div class='ocr_carea' id='block_1_3' title="bbox 377 4397 1904 4696">
    <p class='ocr_par' dir='ltr' id='par_1_3' title="bbox 377 4397 1904 4696">
     <span class='ocr_line' id='line_1_31' title="bbox 377 4397 1904 4498; baseline 0.007 -31"><span class='ocrx_word' id='word_1_302' title='bbox 377 4416 422 4477; x_wconf 83' lang='lat' dir='ltr'><strong>tt,</strong></span> <span class='ocrx_word' id='word_1_303' title='bbox 444 4414 479 4498; x_wconf 79' lang='lat' dir='ltr'><strong>g,</strong></span> <span class='ocrx_word' id='word_1_304' title='bbox 502 4410 543 4478; x_wconf 69' lang='lat' dir='ltr'><strong>(o.</strong></span> <span class='ocrx_word' id='word_1_305' title='bbox 566 4406 708 4483; x_wconf 63' lang='lat' dir='ltr'><strong>metuar,</strong></span> <span class='ocrx_word' id='word_1_306' title='bbox 742 4404 876 4472; x_wconf 61' lang='lat' dir='ltr'><strong>honest.</strong></span> <span class='ocrx_word' id='word_1_307' title='bbox 898 4422 933 4488; x_wconf 63' lang='lat' dir='ltr'><strong>gu</strong></span> <span class='ocrx_word' id='word_1_308' title='bbox 952 4410 1008 4473; x_wconf 78' lang='lat' dir='ltr'><strong>tea</strong></span> <span class='ocrx_word' id='word_1_309' title='bbox 1029 4397 1189 4490; x_wconf 63' lang='lat' dir='ltr'><strong>gelidior,</strong></span> <span class='ocrx_word' id='word_1_310' title='bbox 1222 4406 1267 4475; x_wconf 68' lang='grc' dir='ltr'><strong>Θ.</strong></span> <span class='ocrx_word' id='word_1_311' title='bbox 1287 4409 1356 4477; x_wconf 90' lang='grc'><strong>111.</strong></span> <span class='ocrx_word' id='word_1_312' title='bbox 1378 4405 1411 4490; x_wconf 73' lang='lat' dir='ltr'><strong>tf.</strong></span> <span class='ocrx_word' id='word_1_313' title='bbox 1506 4410 1550 4471; x_wconf 75' lang='lat'><strong>¹2</strong></span> <span class='ocrx_word' id='word_1_314' title='bbox 1574 4413 1705 4493; x_wconf 82' lang='lat' dir='ltr'><strong>Quaest</strong></span> <span class='ocrx_word' id='word_1_315' title='bbox 1726 4427 1811 4477; x_wconf 68' lang='lat' dir='ltr'><strong>men.</strong></span> <span class='ocrx_word' id='word_1_316' title='bbox 1828 4430 1904 4498; x_wconf 81' lang='lat' dir='ltr'><strong>rpe-</strong></span> 
     </span>
     <span class='ocr_line' id='line_1_32' title="bbox 432 4506 1902 4674; baseline 0.007 -102"><span class='ocrx_word' id='word_1_317' title='bbox 432 4554 434 4559; x_wconf 84' lang='lat'>·</span> <span class='ocrx_word' id='word_1_318' title='bbox 484 4512 555 4574; x_wconf 88' lang='lat' dir='ltr'><strong>cim.</strong></span> <span class='ocrx_word' id='word_1_319' title='bbox 577 4513 615 4674; x_wconf 58' lang='lat' dir='ltr'><strong>Hp</strong></span> <span class='ocrx_word' id='word_1_320' title='bbox 636 4529 703 4592; x_wconf 84' lang='lat' dir='ltr'><strong>pag.</strong></span> <span class='ocrx_word' id='word_1_321' title='bbox 723 4506 752 4569; x_wconf 83' lang='lat'><strong>7.</strong></span> <span class='ocrx_word' id='word_1_322' title='bbox 838 4510 883 4568; x_wconf 76' lang='lat'><strong>¹³·</strong></span> <span class='ocrx_word' id='word_1_323' title='bbox 905 4510 999 4592; x_wconf 79' lang='lat' dir='ltr'><strong>Apud</strong></span> <span class='ocrx_word' id='word_1_324' title='bbox 1019 4510 1164 4574; x_wconf 79' lang='lat' dir='ltr'><strong>Diodori.</strong></span> <span class='ocrx_word' id='word_1_325' title='bbox 1184 4530 1254 4595; x_wconf 70' lang='lat' dir='ltr'><strong>pag·</strong></span> <span class='ocrx_word' id='word_1_326' title='bbox 1273 4511 1316 4574; x_wconf 80' lang='grc' dir='ltr'><strong>Χ.</strong></span> <span class='ocrx_word' id='word_1_327' title='bbox 1401 4511 1449 4575; x_wconf 64' lang='lat'><strong>14.</strong></span> <span class='ocrx_word' id='word_1_328' title='bbox 1466 4509 1598 4597; x_wconf 63' lang='lat' dir='ltr'><strong>Quint.</strong></span> <span class='ocrx_word' id='word_1_329' title='bbox 1617 4537 1702 4582; x_wconf 75' lang='lat' dir='ltr'><strong>toou-</strong></span> <span class='ocrx_word' id='word_1_330' title='bbox 1720 4516 1902 4602; x_wconf 71' lang='lat' dir='ltr'><strong>tpooimli·</strong></span> 
     </span>
     <span class='ocr_line' id='line_1_33' title="bbox 483 4613 1557 4696; baseline 0.007 -24"><span class='ocrx_word' id='word_1_331' title='bbox 483 4634 553 4696; x_wconf 86' lang='lat' dir='ltr'><strong>pag.</strong></span> <span class='ocrx_word' id='word_1_332' title='bbox 577 4613 592 4673; x_wconf 91' lang='lat'>1</span> <span class='ocrx_word' id='word_1_333' title='bbox 616 4656 624 4673; x_wconf 97' lang='lat'><strong>.</strong></span> <span class='ocrx_word' id='word_1_334' title='bbox 892 4652 895 4657; x_wconf 93' lang='lat'>·</span> <span class='ocrx_word' id='word_1_335' title='bbox 984 4654 987 4660; x_wconf 89' lang='lat'>·</span> <span class='ocrx_word' id='word_1_336' title='bbox 1455 4662 1458 4669; x_wconf 78' lang='lat'><em>,</em></span> <span class='ocrx_word' id='word_1_337' title='bbox 1552 4646 1557 4653; x_wconf 73' lang='grc'><em>’</em></span> 
     </span>
    </p>
   </div>
   <div class='ocr_carea' id='block_1_4' title="bbox 0 0 2186 5536">
    <p class='ocr_par' dir='ltr' id='par_1_4' title="bbox 0 0 2186 5536">
     <span class='ocr_line' id='line_1_34' title="bbox 0 0 2186 5536; baseline 0 2"><span class='ocrx_word' id='word_1_338' title='bbox 0 0 2186 5536; x_wconf 95' lang='lat' dir='ltr'><strong> </strong></span> 
     </span>
    </p>
   </div>
  </div>
 </body>
</html>
