4364 5536
937 482 1133 592 -ιιι
1184 538 1247 560 -ι
1351 607 1377 641 ,-

285 750 422 802 narum·
444 727 588 828 peritia,
614 714 654 799 id
679 737 765 798 mm
781 717 988 825 apparebit,
1013 741 1103 796 eum
1108 713 1361 795 tenuerimus
1372 713 1534 795 instituti
1554 707 1796 822 gravitatem,
1810 747 1884 845 qua

285 874 360 919 una
383 847 476 919 actio
503 848 552 919 ita
575 842 795 944 amplificari
821 856 1157 933 recensebatur
1179 844 1379 942 agentium
1389 859 1424 916 et
1442 846 1560 917 oratio
1581 860 1616 917 et
1634 871 1765 935 mena,
1777 834 1883 919 deni·

285 995 358 1070 que
383 982 460 1042 tota
478 966 642 1040 conditio
667 964 815 1037 adeam
836 962 968 1036 referri
994 979 1117 1064 posset
1142 979 1253 1098 atque
1286 965 1395 1037 etiam
1419 951 1519 1038 arcte
1543 986 1629 1036 cum
1646 962 1774 1035 eadem
1794 982 1886 1037 con-'

284 1090 477 1176 tineretur,
502 1089 634 1159 omissa
654 1087 864 1158 animorum
886 1087 1145 1175 commotione,
1177 1083 1237 1156 cui
1261 1080 1475 1155 efficiendae
1495 1082 1723 1156 fabularum
1727 1085 1885 1184 scripto·-

284 1233 342 1282 res
368 1206 516 1279 studere
541 1206 747 1326 oportebat.
788 1204 979 1279 Nullius
971 1205 1108 1303 ingenii
1135 1216 1199 1291 est,
1228 1228 1286 1275 res
1312 1203 1548 1277 admirabiles
1568 1208 1787 1339 excogitare,
1815 1203 1882 1280 sed

286 1328 462 1403 easdem
452 1343 501 1400 ita
527 1343 696 1416 tractare,
722 1341 764 1399 ut
792 1325 1004 1399 fructuosae
1029 1327 1102 1397 sint
1121 1323 1409 1424 hominibusque
1430 1320 1667 1425 politioribus
1691 1326 1819 1428 graves
1846 1340 1883 1400 et

285 1447 528 1549 jucundae,
520 1474 557 1519 m
584 1469 627 1517 eo
652 1460 840 1545 spectatur
864 1463 973 1548 poeta
1004 1446 1210 1520 cultioris
1198 1448 1351 1546 ingenii.
1402 1448 1577 1519 Rectene
1573 1461 1706 1519 autem
1729 1448 1781 1519 eis
1804 1460 1883 1519 tan-

285 1587 359 1642 tam
380 1568 528 1642 laudem
549 1566 762 1656 tribuerim,
799 1595 847 1666 an
874 1587 990 1658 secus,
1029 1567 1077 1642 de
1102 1593 1145 1641 eo
1171 1560 1545 1641 fortasse¹dubitari
1534 1582 1663 1669 potest.
1710 1548 1823 1639 Sed
1825 1590 1883 1639 ca-

285 1689 453 1764 vandum
475 1689 627 1759 omnino
646 1702 711 1777 cst,
730 1714 792 1776 ne,
813 1688 918 1789 quod
939 1686 1040 1759 laudi
1063 1712 1139 1761 esse
1159 1684 1310 1780 debeat?
1323 1689 1363 1762 id
1383 1693 1488 1791 parvi
1512 1680 1698 1761 faciamus.
1729 1685 1883 1758 Etenim

287 1808 526 1910 cogitandum
548 1823 613 1897 est,
647 1825 829 1908 quantum
853 1815 940 1892 artis
971 1808 1192 1883 desiderarit
1214 1813 1310 1892 ritae
1329 1790 1533 1885 communis
1557 1806 1800 1880 humilitatem
1822 1792 1884 1878 ex-

287 1935 464 2034 primere,
500 1928 697 2004 excludere
722 1958 782 2005 res
805 1931 990 2021 sordidas,
1023 1946 1193 2004 naturam
1217 1930 1366 2024 imitari,
1399 1948 1434 2006 at
1455 1931 1685 2033 distlnguere
1703 1919 1806 2000 inter
1831 1926 1884 2019 id,
1911 1964 1923 1974 -

289 2054 395 2156 quod
421 2054 562 2142 deceat,
590 2067 626 2124 et
646 2070 723 2123 'non
746 2049 887 2142 deceat,
914 2076 1063 2124 omnem
1081 2051 1248 2127 hominis
1268 2054 1495 2127 honestatem
1522 2055 1571 2126 ita
1593 2048 1817 2140 describere,
1843 2063 1885 2123 ut

288 2190 484 2278 praecepta
510 2172 704 2246 tradidisse
730 2198 805 2244 non
832 2170 1041 2260 videamur,
1070 2171 1275 2248 abditos
1237 2178 1347 2248 animi
1375 2200 1536 2249 recessus
1562 2175 1611 2245 ita
1637 2185 1821 2261 excutere,
1845 2185 1887 2243 ut

291 2297 342 2383 id,
382 2295 519 2392 quod
511 2323 547 2365 ιιι
574 2289 786 2389 conjectura
811 2293 973 2390 positum
1002 2292 1050 2363 sit
1078 2306 1140 2364 aut
1172 2294 1207 2365 in
1236 2295 1490 2403 cogitatione,
1506 2318 1583 2366 nou
1609 2290 1787 2363 habeatur
1813 2314 1886 2390 pro

291 2425 460 2508 regesta,
484 2434 608 2481 causas
632 2413 829 2504 sapientiae
850 2425 886 2476 et
908 2411 1079 2477 stultitiae
1080 2412 1329 2504 ,prudentiae
1343 2428 1378 2483 et
1401 2400 1687 2513 imprudentiae,
1709 2414 1888 2485 virtutum

281 2543 328 2600 et
352 2530 527 2599 vitiorum
556 2527 604 2596 ita
628 2523 855 2622 cognovisse,
880 2537 921 2594 ut
945 2548 992 2594 ex
1016 2523 1181 2598 fontibus
1202 2542 1300 2598 recte
1323 2543 1550 2627 repetantur.
1599 2531 1741 2601 Harum
1766 2545 1887 2604 autem

292 2674 418 2720 rerum
445 2646 607 2733 scientia,
643 2643 811 2743 quamvis
838 2639 999 2715 difficilis
1024 2645 1093 2716 rite
1119 2643 1248 2717 haberi
1276 2645 1401 2735 soleat,
1440 2648 1605 2720 instructi
1631 2666 1758 2748 poetae
1784 2668 1889 2727 erant

291 2771 332 2857 ii,
362 2790 464 2867 'quos
491 2767 710 2864 praecipuos
742 2761 966 2862 judicemus3
1003 2763 1108 2862 cujus
1138 2766 1308 2838 scientiae
1339 2792 1410 2867 ope
1433 2768 1542 2841 facile
1569 2771 1619 2841 eis
1644 2772 1809 2871 contigit,
1848 2789 1889 2847 ut

292 2890 401 2960 etiam
418 2886 568 2959 actionis
589 2885 769 2955 rationem
791 2908 878 2953 cum
900 2896 978 2952 arte
991 2884 1244 2995 instituerent,
1270 2910 1365 2983 quae
1389 2913 1434 2957 ex
1457 2888 1521 2959 illa
1545 2890 1704 2962 multum
1718 2892 1888 2991 pendere

292 3007 470 3080 videatur.
543 3000 641 3074 lllud
674 2996 798 3072 ¹autem
833 3001 993 3071 maxime
1042 2997 1336 3099 deprehenditur
1376 3006 1414 3076 in
1453 3008 1675 3098 Menandro,
1723 3014 1787 3112 qui
1826 3029 1889 3088 aut
1931 3088 1934 3098 Α

293 3124 504 3200 excellentis
545 3122 681 3221 ingenii
720 3117 988 3218 magnitudine,
1035 3133 1097 3189 aut
1130 3121 1320 3217 praeclara
1360 3124 1568 3200 eruditione
1605 3146 1714 3231 atque
1752 3133 1889 3208 doctri-

294 3277 354 3336 na,
394 3259 456 3317 aut
489 3256 648 3341 utraque
679 3267 720 3312 re
754 3253 904 3311 ornatus
930 3237 1040 3310 luisse
1074 3238 1327 3337 perhibeatur,
1364 3260 1405 3316 ut
1436 3273 1512 3320 non
1538 3250 1650 3323 modo
1676 3271 1889 3350 argumenta
1938 3310 1940 3315 -

295 3393 381 3440 cum
405 3364 553 3438 solertia
580 3364 759 3451 invenire,
792 3386 925 3431 verum
962 3360 1070 3430 ctiam
1102 3385 1187 3431 cum
1214 3359 1383 3436 facilitate
1408 3364 1607 3468 disponere
1633 3388 1742 3473 atque
1768 3375 1889 3449 elabo-

295 3514 378 3559 ιιιιι
406 3500 539 3586 posset,
582 3480 687 3583 quod
713 3478 895 3580 probatur
925 3477 1111 3551 Plutarchi
1142 3480 1281 3554 verbis:
1302 3484 1324 3540 ¹·
1346 3492 1486 3571 Λέγεται
1508 3493 1688 3581 illudatur
1710 3503 1773 3561 reia
1795 3497 1891 3584 συνή-

294 3611 362 3667 aaa
381 3627 430 3676 τις
452 3604 559 3679 taneta,
578 3598 681 3682 Ἔγγύς
704 3592 769 3675 adv,
791 3597 971 3679 ildicardae,
991 3595 1031 3658 τιὶ
1051 3594 1219 3676 Διονύσια,
1241 3621 1297 3660 και
1317 3622 1356 3661 ov
1377 3601 1435 3682 τήν
1454 3604 1620 3688 κωιιιιδίαν
1642 3611 1681 3670 ov'
1701 3609 1889 3692 asscriptum

294 3710 350 3771 τόι
376 3710 409 3770 δὲ
431 3704 677 3788 duoxor'vuodot,
712 3701 749 3780 vt}
770 3698 846 3770 τούς
868 3699 1003 3772 raom&
983 3722 1079 3780 &ywyt
1100 3697 1256 3779 nauatam
1276 3724 1333 3781 την
1353 3726 1397 3766 κω
1397 3705 1528 3791 anitiae,
1566 3698 1890 3797 ᾠκονὸμιιτιιιγάρῆ

297 3819 451 3900 διάθεσις,
473 3821 525 3882 δεῖ
544 3819 577 3879 δὲ
600 3818 681 3901 αιιῇ
701 3814 742 3876 τὰ
763 3808 941 3894 ouZdlta’
925 3814 1057 3895 cadom.
1116 3801 1264 3902 Optime
1290 3813 1447 3881 tamen
1438 3839 1475 3883 tn
1501 3838 1558 3903 e0,
1598 3816 1700 3913 quotl
1723 3822 1890 3955 proposi·

296 3950 376 4008 tum
400 3949 466 4022 est,
485 3912 732 4004 edocebimur
753 3918 975 3998 Terentiana
999 3924 1213 4015 imitatione,
1240 3951 1438 4025 quaecum
1461 3959 1725 4033 saepenumero
1747 3942 1785 4012 in
1805 3967 1889 4039 par·

296 4056 394 4130 tibus
413 4043 632 4126 fabularum
651 4046 892 4147 disponendis
911 4058 1067 4146 totaque
1087 4046 1241 4117 actionis
1262 4050 1402 4123 ratione
1420 4056 1673 4130 constituenda
1697 4059 1742 4131 ab
1769 4085 1889 4134 exem-

298 4176 362 4284 plo
383 4198 449 4247 suo
470 4168 688 4253 discederet,
708 4182 829 4239 tamen
846 4166 1070 4264 plerumque
1090 4192 1176 4238 cum
1197 4166 1328 4239 eodem
1348 4163 1554 4270 congruere
1571 4156 1758 4270 videatur3
1784 4181 1889 4280 quod

302 4321 377 4396 quo
402 4291 547 4366 facilius
572 4284 876 4385 commodiusque
897 4284 1037 4359 firmari
1055 4288 1190 4387 possit,
1216 4290 1405 4389 praeclara
1426 4309 1478 4367 est
1496 4297 1667 4372 Meinelii
1694 4298 1890 4402 disputatio

388 4590 409 4643 1.
434 4583 597 4645 Menandri
619 4594 650 4645 et
669 4581 861 4644 Philemonis
881 4582 1041 4663 reliquiae,
1063 4584 1192 4664 praeiit
1223 4608 1291 4667 pag.
1314 4589 1440 4650 xtht.

1252 4688 1298 4756 ⁰3
