4364 5536
982 529 1040 543 —·
1092 487 1232 579 3!—

1409 581 1416 595 X

305 706 430 784 studio
444 703 684 805 audaciaque,
703 728 818 803 quam
830 729 1019 797 veranum
1038 704 1159 803 gloria
1185 701 1232 778 de
1248 730 1288 778 se
1302 705 1521 806 praedicare
1543 709 1679 810 potuit,
1693 706 1912 785 facetiarum
2007 692 2010 698 I

185 874 189 883 ·
302 831 448 930 lepore,
488 825 651 926 denique
693 824 872 925 singulari
900 827 1128 898 'tractatione
1167 829 1258 925 ejus,
1295 827 1402 931 quod
1452 855 1524 902 usu
1565 844 1771 941 receptum
1827 829 1909 905 fuit.

304 948 403 1024 Vere
423 961 546 1021 autem
563 949 591 1019 si
616 945 789 1017 volumus
806 940 987 1042 judicare,
1013 948 1172 1022 tenenda
1196 976 1327 1037 eorum
1351 950 1446 1023 ratio
1472 963 1538 1039 est,
1566 950 1633 1049 qui
1656 965 1719 1023 aut
1743 976 1912 1051 pmecea·
1975 974 1985 988 ‘

210 1098 215 1102 ·
303 1083 446 1157 serunt,
474 1074 536 1138 aut
554 1079 771 1138 concertare
797 1089 883 1136 cum
907 1060 1154 1168 Aristophane
1180 1052 1392 1143 voluerunt.
1458 1069 1637 1165 Quamvis
1671 1074 1772 1145 enim
1803 1071 1911 1146 multi
1956 1066 1965 1109 ³

305 1190 458 1264 illorum
479 1201 674 1287 poetarum
699 1184 783 1286 jure
811 1182 1011 1292 laudentur
1039 1189 1159 1289 sitque
1183 1218 1314 1287 eorum
1338 1217 1475 1266 nomen
1500 1192 1659 1282 illustre,
1674 1206 1801 1291 tamen
1819 1194 1942 1264 non-⁴
1994 1179 1998 1194 ¹
2047 1173 2053 1186 ⁶
2143 1181 2156 1206 “

308 1334 514 1407 numquam
552 1305 600 1379 ad
636 1332 695 1379 res
721 1302 909 1404 ,ejusmodi
937 1302 1058 1379 studia
1091 1309 1342 1402 contulerunt,
1375 1339 1471 1413 quae
1498 1314 1644 1414 ineptae
1670 1330 1706 1388 et
1731 1312 1913 1387 absurdae

304 1433 438 1526 merito
471 1429 690 1517 habeantur,
719 1425 759 1498 id
785 1425 940 1526 quidem
972 1429 1101 1517 secuti,
1129 1455 1206 1527 quo
1233 1431 1377 1506 facilius
1402 1434 1621 1534 plebeculae
1646 1438 1801 1537 gratiam
1827 1458 1915 1529 eon·

305 1555 410 1653 sequi
454 1562 614 1652 possent.
684 1545 927 1647 Quapropter
958 1575 1035 1621 non
1060 1550 1178 1623 multo
1207 1553 1344 1650 ingenii
1371 1557 1540 1631 acumine
1567 1582 1661 1657 opus
1689 1572 1754 1646 est,
1793 1568 1834 1627 ut
1860 1546 1928 1627 in·'

283 1675 507 1775 *telligatun
554 1656 845 1784 Aristophanem
872 1673 1046 1774 pluribus
1103 1673 1193 1760 locis
1232 1673 1520 1774 competitorum
1558 1701 1708 1777 gregem
1744 1675 1915 1746 insectari

307 1795 468 1871 voluisse
496 1821 537 1868 ae
560 1794 766 1883 criminari,
789 1792 894 1894 quod
915 1791 1059 1866 fabulas
1082 1819 1164 1867 suas
1191 1793 1502 1886 obscoenitatibus
1523 1808 1558 1867 et
1580 1789 1794 1894 petulantiis
1820 1792 1914 1866 varii

307 1920 453 2019 generis
479 1915 634 2017 implere
661 1932 907 1991 consuessent.
954 1917 1233 2016 ,Saepenumero
1264 1920 1365 1991 enim
1389 1942 1447 1989 res
1476 1902 1532 1988 lita
1560 1915 1723 1987 instituta
1749 1928 1839 2004 erat,
1871 1926 1917 1985 ut
1953 1950 1957 1961 .

294 2041 542 2113 'comissantes
564 2052 600 2110 et
624 2053 792 2139 potantes
818 2037 1099 2132 inducerentur,
1133 2068 1181 2113 ne
1206 2043 1350 2142 occasio
1377 2039 1502 2113 deesse
1527 2036 1735 2126 videretur,
1761 2063 1838 2137 qua
1860 2060 1918 2108 ar-

308 2159 482 2236 dentibus
508 2160 623 2234 taedis
655 2164 708 2234 uti
735 2177 898 2262 possent,
927 2163 953 2219 2.
980 2158 1086 2262 quod
1109 2160 1221 2234 simili
1246 2160 1360 2234 modo
1397 2158 1445 2233 de
1472 2157 1552 2231 aliis
1578 2155 1689 2229 rebus
1715 2153 1919 2229 dicendum

310 2297 373 2353 est.
403 2282 430 2338 ³·
496 2281 775 2384 Quodcumque
813 2298 935 2359 autem
961 2299 1026 2374 est,
1046 2283 1092 2380 ⁴in
1119 2309 1196 2383 quo
1224 2281 1456 2354 comicorum
1483 2278 1619 2379 vulgus
1653 2273 1810 2360 mirifice
1844 2275 1916 2351 sibi

309 2402 464 2500 placuit,
490 2403 531 2475 id
554 2419 637 2476 tum
662 2402 870 2502 apparebit,
898 2432 984 2477 cum
1012 2405 1187 2505 elegantis
1211 2419 1356 2505 poetae,
1380 2402 1447 2503 qui
1475 2400 1576 2476 omni
1603 2401 1729 2489 inre,
1754 2396 1850 2500 quid
1873 2399 1921 2471 sit

311 2526 457 2611 verum,
482 2523 612 2595 videre
647 2539 683 2595 et
701 2527 796 2597 tueri
826 2527 1004 2624 potuerit,
1029 2525 1232 2598 nonnullos
1265 2524 1366 2598 locos
1395 2523 1763 2598 consideraverimus.
1826 2524 1922 2595 Sunt

277 2639 412 2710 enim
438 2637 493 2709 illi
521 2635 675 2733 quidem
700 2640 940 2708 nobilissimi:
967 2641 995 2694 ⁴·
1290 2644 1295 2657 ’
1529 2662 1532 2667 ’
1897 2623 1906 2652 “
1996 2622 2000 2628 ’

639 2816 642 2826 ,
709 2752 796 2833 Φέρε
818 2773 875 2813 νυν
899 2746 1037 2812 κατείπω
1055 2756 1124 2822 τοῖς
1144 2754 1278 2822 θεαταῖς
1293 2748 1349 2812 τόν
1370 2746 1473 2832 λόγον,
1565 2779 1569 2786 ·

709 2849 787 2933 ὀλίγ’
806 2845 877 2913 ἄτθ’
897 2848 1043 2915 ὑπειπών
1061 2857 1190 2935 πρώτον
1210 2853 1357 2917 αὐτοῖσιν
1376 2849 1460 2916 ταδί.

705 2955 806 3036 μηδὲν
827 2955 894 3036 παρ’
915 2955 1005 3037 ἡμῶν
1026 2959 1209 3043 προσδοκᾷν
1228 2955 1299 3020 λίαν
1317 2953 1414 3038 μέγα,

706 3057 783 3141 μηδ’
800 3051 843 3120 αὖ
860 3060 984 3140 γέλωτα
1007 3055 1203 3142 Μεγαρόθεν
1224 3061 1444 3138 κεκλεμμένον.
1553 3082 1557 3089 ·

710 3160 788 3242 ἡμῖν
807 3158 868 3244 γάρ
894 3159 959 3227 οδκ
971 3166 1037 3227 ἔστ’
1054 3161 1128 3227 οὔτε
1146 3159 1232 3246 κάρυ’
1250 3163 1284 3225 ἐκ
1305 3161 1463 3247 φορμίδος

708 3257 815 3325 δούλω
836 3263 1082 3347 διαρριπτοῦντε
1102 3272 1171 3337 τοῖς
1190 3265 1375 3344 θεωμένοις,

684 3384 688 3391 ’
709 3356 780 3427 οὔθ’
792 3365 953 3448 Ἡρακλῆς
972 3363 1010 3428 τά
1034 3368 1160 3430 δεῖπνον
1179 3361 1429 3446 ἐξαπατώμενος,

709 3467 780 3531 οὐδ’
799 3461 894 3544 αὖθις
913 3467 1220 3554 ἀνασελγαινόμενος
1236 3468 1425 3554 Εδριτιίδιγς·

667 3634 670 3638 ,
710 3572 781 3644 οὐδ’
801 3573 833 3636 εἰ
851 3574 967 3639 Κλέων
988 3573 1016 3655 γ’
1034 3573 1161 3655 ἔλαμψε
1177 3576 1235 3658 τῆς
1252 3569 1352 3658 τύχης
1367 3572 1475 3661 χάριν,

708 3667 805 3747 αὖθις
825 3671 882 3740 τόν
900 3675 998 3740 αὐτὸν
1019 3671 1123 3762 ἄνδρα
1148 3672 1424 3759 μυττωτεύσομεν.

214 3817 218 3825 ·
316 3805 528 3892 sequuntur
549 3786 586 3860 bi
613 3809 762 3858 versus:
792 3781 817 3839 ⁵·
982 3860 990 3875 ,
1387 3857 1392 3860 ,

710 3897 738 3967 ιδ
757 3899 857 3966 πάλαι
877 3902 948 3966 ποτ’
965 3897 1052 3973 ὄντες
1072 3896 1166 3979 ἡμεῖς
1188 3891 1318 3981 ἄλκιμοι
1338 3903 1398 3983 μὲν
1418 3902 1452 3967 ἒν
1468 3911 1589 3988 χοροῖς,

950 3997 1081 4081 άλκιμοι
1101 4001 1130 4064 δ’
1150 4003 1185 4066 ἐν
1204 4000 1334 4087 μάχαις,

712 4110 767 4173 καί
788 4109 854 4173 κατ’
875 4104 954 4173 αι’τὸ
973 4105 1014 4190 δὴ
1035 4099 1135 4186 μόνον
1155 4109 1240 4172 τοῦτ’
1258 4108 1372 4194 ἄνδρες
1393 4108 1642 4196 α’νδρικώτατοι,
1667 4182 1669 4185 ,

939 4207 1016 4295 πρίν
1032 4210 1102 4273 κοτ’
1119 4203 1168 4293 ἢν,
1187 4210 1264 4296 πρίν
1282 4216 1383 4277 ταῦτα
1402 4235 1412 4254 ·
1433 4214 1491 4276 νῦν
1512 4213 1543 4276 δ’

714 4314 835 4400 οἴχεται
856 4309 970 4383 κύκνου
991 4310 1067 4376 τ’ἔτι
1087 4308 1282 4398 πολιώτεραι
1303 4314 1342 4400 δὴ

683 4402 687 4409 ’
948 4418 1013 4481 αἵδ’
1027 4418 1222 4483 ἐπανθοῦσιν
1238 4417 1355 4504 τρίχες.

407 4543 1004 4634 2.Aristoph.Eeeles.v.722.1093.
1052 4547 1078 4607 3.
1097 4546 1171 4610 Pac.
1192 4570 1222 4608 v.
1245 4544 1332 4610 1314.
1373 4546 1515 4634 Hesp.
1534 4544 1566 4610 τ.
1587 4544 1628 4610 Μ
1647 4570 1730 4633 seqq.

606 4652 728 4716 ann.
750 4673 778 4711 v.
802 4647 938 4712 1060-
960 4646 1048 4712 1065.
1105 4666 1113 4672 ·
1405 4730 1410 4737 ἢ
1527 4651 1583 4721 1⁸
