4364 5536
746 489 1057 603 ·-»-1414--“·Ι
1148 451 1149 456 ¹

30 762 38 788 .
105 720 175 795 cile
197 709 460 819 perspiciatur,
494 738 678 790 cumnon
702 709 848 804 habeat,
874 715 980 816 quod
1001 714 1164 792 alienum
1191 747 1211 791 a
1238 746 1280 792 re
1303 719 1451 794 dixeris.
1502 721 1628 796 Altera
1653 749 1698 798 ex
1732 733 1736 743 ’

103 857 209 943 parte
233 843 353 915 omnis
381 837 533 929 actionis
559 850 690 919 natura
721 836 802 909 talis
826 852 892 924 est,
923 853 964 911 ut
992 839 1217 938 imaginandi
1242 842 1320 914 rim
1352 839 1588 916 vehementer
1618 841 1698 919 affi÷
1728 865 1732 879 ⁴

102 964 187 1053 ciat,
211 962 390 1063 quoniam
409 974 445 1032 ct
463 959 586 1059 gravis
607 960 831 1060 aprincipio
855 960 1005 1033 videtur
1025 975 1060 1033 et
1078 959 1313 1036 difficultates
1333 961 1482 1053 habere,
1507 989 1604 1063 quae
1621 965 1699 1037 ani·

100 1108 181 1159 mos
205 1093 476 1171 commoveant3
502 1078 666 1179 denique
689 1083 812 1153 omnia
832 1082 978 1183 singula
1000 1083 1038 1156 in
1059 1082 1235 1182 primaria
1258 1085 1435 1169 sententia
1459 1084 1701 1185 comprehen-

88 1205 253 1283 duntur.
306 1202 470 1276 Omnino
497 1206 619 1273 autem
650 1227 781 1300 magna
813 1200 996 1302 quaedam
1027 1203 1163 1301 ingenii
1192 1203 1373 1275 subtilitas
1402 1207 1622 1306 requiritur,
1658 1223 1700 1280 ut

99 1342 242 1427 poetae,
263 1324 368 1426 quod
391 1323 520 1412 velint,
545 1329 832 1422 consequantur,
853 1321 964 1423 alque
987 1349 1116 1394 rerum
1130 1323 1351 1413 ohservatiO,
1376 1351 1463 1398 cum
1476 1326 1597 1402 desint
1611 1326 1699 1402 huic

100 1426 225 1550 generi
252 1445 433 1535 homines,
468 1445 533 1544 qui
559 1445 634 1517 vivi
666 1445 933 1542 repraesentari
959 1446 1114 1544 possint,
1152 1459 1187 1516 et
1211 1447 1307 1517 vitae
1331 1449 1472 1520 ratione
1497 1464 1532 1522 et
1556 1466 1721 1523 senten·-

97 1571 234 1644 tiarum
257 1581 389 1640 natura
418 1567 589 1639 illustres.
642 1561 772 1661 Qualis
797 1565 911 1663 igitur
935 1568 1031 1638 actio
1051 1568 1098 1639 sit
1121 1562 1268 1637 mediae
1286 1567 1511 1659 comoediae,
1540 1584 1583 1643 ut
1597 1567 1697 1644 deli-

97 1694 237 1782 niatur,
255 1691 481 1789 magnopere
501 1681 673 1783 juvamur
692 1684 948 1784 Aristophanis
968 1686 1093 1774 Pluto,
1117 1709 1230 1784 quam
1251 1685 1431 1784 integram
1450 1688 1556 1763 nobis
1578 1717 1699 1766 serva·

34 1872 37 1880 .
71 1828 173 1887 tam
197 1808 378 1900 videmui,
416 1803 522 1906 cujus
552 1806 731 1912 institutio
763 1805 934 1906 exemplo
960 1830 1036 1877 esse
1061 1806 1186 1904 possit.
1238 1805 1430 1906 Explicuit
1460 1823 1582 1882 autem
1606 1809 1699 1912 ejus-

97 1933 185 2007 dem
213 1931 360 2005 fabulae
393 1931 575 2002 actionem
604 1941 772 2000 accurate
807 1927 986 2017 Ritterus3
1000 1928 1025 1985 ¹·
1061 1952 1177 2026 quare
1211 1927 1350 2026 optime
1370 1923 1518 1999 'factum
1551 1932 1634 2021 erit,
1670 1936 1700 2006 si

97 2053 399 2155 descriptionem,
425 2049 574 2151 qualem
599 2051 628 2122 is
652 2050 861 2149 proposuit,
885 2047 959 2120 huc
976 2047 1351 2147 transscripserimus:
1389 2048 1534 2121 Senex
1558 2049 1698 2126 Chre·
1795 2074 1804 2084 ’

95 2178 268 2278 mylus,
304 2176 384 2276 qui
411 2170 652 2246 consuluit
675 2168 918 2269 Apollinis
945 2168 1211 2258 oraculum,
1246 2183 1403 2240 utrum
1428 2167 1570 2245 filius
1594 2198 1699 2246 suus

97 2287 152 2368 ad
175 2293 518 2396 impetrandam
544 2292 820 2366 feliciorem
845 2291 970 2363 vitae
995 2286 1325 2361 conditionem
1349 2305 1603 2389 corruptos
1627 2319 1700 2366 ae-

98 2413 311 2514 qualium
345 2435 493 2483 mores
530 2414 730 2497 imitari,
770 2437 823 2501 an
861 2409 1014 2502 patris
1052 2408 1381 2505 integritatem
1407 2436 1596 2486 servare
1623 2412 1701 2488 de·

96 2533 222 2623 beat,
264 2529 374 2606 inde
405 2555 504 2602 cum
535 2550 673 2601 servo
700 2521 903 2595 Carione
944 2519 1093 2611 redit,
1132 2542 1325 2624 accepto
1365 2526 1437 2599 dei
1474 2555 1699 2630 reponso,
1799 2557 1802 2565 ·

96 2668 164 2743 ut,
189 2653 235 2724 in
269 2675 404 2750 quem
429 2647 631 2747 primum
663 2638 911 2728 inciderit,
945 2664 1047 2710 eum
1075 2659 1373 2742 sequeretur.
1424 2647 1600 2723 Incidit
1624 2678 1722 2729 au-¹

91 2775 187 2848 'tem
213 2773 261 2843 in
284 2794 442 2843 senem
465 2761 734 2849 sordidum,
761 2779 946 2830 caecum
970 2771 1014 2829 ct
1039 2765 1256 2840 omnibus
1284 2772 1499 2868 corporis
1526 2772 1699 2848 incom-

95 2891 245 2968 modis
270 2882 536 2977 afflictum,
562 2908 702 2985 quem
719 2903 883 2978 magno
908 2902 1013 2951 cum
1037 2884 1217 2979 gaudio
1238 2889 1430 2964 Plutum
1456 2917 1554 2967 esse
1581 2920 1700 2971 com·

96 3015 249 3116 perit,
286 3010 461 3108 cuique
493 3030 542 3096 se
575 3004 723 3076 visum
755 2999 1096 3094 restituturum
1131 3006 1229 3077 esse
1262 3008 1539 3106 pollicetur.
1587 3014 1700 3115 Ejus

96 3133 287 3234 incepti
322 3143 371 3202 ut
403 3123 662 3227 participes
692 3118 820 3191 fiant
853 3119 1013 3208 amici,
1047 3117 1102 3190 ad
1134 3121 1247 3196 illos
1280 3127 1458 3204 victum
1494 3135 1543 3207 in
1575 3141 1700 3236 agris

94 3254 297 3329 moleste
333 3248 629 3348 'quaerentes
665 3239 815 3312 mittit
854 3263 1041 3313 servum
1074 3238 1342 3336 Curionem,
1382 3263 1428 3321 et
1462 3251 1559 3351 ipse
1597 3280 1700 3331 eum

95 3377 235 3449 Pluto
261 3369 449 3446 domum
480 3389 606 3438 suam
637 3361 1005 3438 intrati-152.
1057 3364 1234 3436 Servus
1267 3390 1375 3440 cum
1407 3374 1606 3450 rusticis
1637 3377 1699 3450 il-

95 3496 155 3570 lis
181 3484 229 3568 in
258 3490 547 3567 orchestram
577 3479 890 3584 progreditur
924 3505 1096 3581 eosque
1121 3482 1448 3562 rarieillusos
1474 3489 1697 3568 addomi-
1789 3568 1792 3574 ,
1854 3551 1857 3557 ,

96 3618 141 3690 ni
166 3613 350 3687 domum
376 3607 573 3680 arcessit
595 3606 829 3682 tta—321.
881 3601 1112 3675 Procedit
1137 3601 1438 3706 Chremylus,
1462 3611 1697 3714 sociisque

96 3734 314 3809 salutatis
348 3744 391 3804 et
424 3752 543 3801 nova
576 3752 626 3798 re
659 3727 803 3798 amico
835 3720 1146 3823 Blepsidemo
1183 3728 1422 3827 exposita,
1461 3723 1518 3800 ad
1550 3728 1699 3808 visum

94 3852 233 3928 Pluto
258 3846 599 3924 restituendum
631 3870 680 3919 se
704 3845 931 3953 accingit,
964 3845 1298 3945 Paupertatem
1330 3841 1527 3949 propter
1559 3827 1698 3929 istum
1759 3897 1763 3906 ·

97 3990 310 4050 conatum
331 3964 980 4068 indignabundam·retrudit;
1007 3963 1241 4069 deumque
1262 3993 1453 4043 caecum
1477 3970 1576 4071 ipse
1598 3998 1696 4047 cum

94 4118 231 4171 servo
257 4080 625 4191 et'Blepsidemo
651 4087 707 4162 ad
726 4085 1006 4187 Aesculapii
1032 4087 1262 4187 templum
1287 4085 1503 4181 deducit,
1533 4093 1695 4194 inquo

97 4219 185 4291 ille
221 4210 449 4287 incubans
484 4208 732 4283 oculorum
764 4204 945 4302 lumine
979 4205 1247 4281 donaretur
1270 4216 1504 4287 aaa-626.
1555 4213 1695 4290 Redit

96 4326 258 4414 servus
286 4345 328 4405 et
351 4328 691 4406 felicissimum
723 4333 794 4406 rei
827 4344 1046 4406 eventum
1074 4330 1277 4407 rusticis
1309 4344 1352 4406 et
1384 4329 1593 4410 dominae
1625 4346 1695 4409 r'e-

90 4500 373 4524 *μ

181 4603 206 4664 1.
225 4601 276 4665 Dc
295 4599 509 4697 Aristophanis
528 4600 641 4680 Pluto,
670 4622 741 4686 pag.
760 4597 840 4666 Η
904 4671 906 4677 Α
1087 4594 1095 4626 ⁴
