4364 5536
949 457 952 472 .

967 503 1305 599 '‘2'‘s

287 720 458 795 manibus
484 718 649 808 haberet,
673 745 797 818 neque
831 742 999 818 unquam
1026 744 1047 787 a
1077 740 1115 789 se
1142 713 1356 805 dimitteret,
1393 739 1469 815 quo
1506 716 1638 789 melius
1677 714 1892 793 facundiam

288 841 387 925 alere
413 857 524 941 atque
543 839 771 938 locupletare
797 853 932 937 posset.
984 833 1059 910 Sed
1084 834 1255 934 exemplo
1280 861 1357 909 non
1377 863 1470 938 opus
1494 840 1578 928 erit,
1598 839 1778 939 quoniam
1799 816 1900 939 quid

287 960 493 1062 judicemus
512 980 576 1035 res
603 957 1040 1061 ipsacognitadocehit3
1066 956 1201 1028 etenim
1226 982 1354 1055 spero,
1377 972 1417 1028 ut
1443 958 1605 1058 quisque
1627 961 1787 1032 maxime
1812 986 1899 1059 per-

191 1130 194 1138 ·
288 1086 430 1184 spiciat,
474 1099 632 1185 quantae
657 1084 731 1156 sint
756 1077 1013 1179 Aristophanis
1048 1077 1214 1166 virtutes,
1242 1078 1292 1149 ita
1330 1105 1416 1150 eum
1450 1079 1700 1179 probaturum
1739 1080 1900 1152 maxime

255 1193 258 1197 ⁵
289 1231 378 1294 esse,
403 1231 498 1304 quae
524 1203 699 1303 deinceps
727 1202 969 1302 explicentur.
1021 1197 1238 1272 Videndum
1259 1214 1310 1270 est
1336 1200 1465 1297 igitur,
1488 1215 1532 1274 ut·
1552 1201 1597 1273 ab
1620 1202 1675 1272 ira
1697 1197 1901 1298 studioque

192 1417 195 1421 ι
290 1325 399 1398 alieni
436 1328 563 1414 simus,
604 1323 733 1423 quales
771 1321 1054 1395 consuetudines
1094 1316 1201 1417 apud
1238 1315 1481 1391 Athenienses
1519 1318 1764 1422 obtinuerint,
1801 1347 1898 1420 quae

290 1449 386 1519 vitae
405 1445 588 1536 honestas,
609 1446 729 1517 omnis
750 1443 913 1542 denique
937 1437 1088 1514 vivendi
1110 1434 1368 1536 sentiendique
1389 1440 1498 1529 ratic,
1523 1467 1618 1539 quae
1644 1442 1693 1512 ita
1716 1457 1900 1541 repugnat

259 1567 424 1648 'nostris
461 1560 642 1653 moribus,
683 1578 725 1634 ut
762 1561 857 1633 nihil
897 1562 1012 1658 magis
1053 1560 1168 1658 possit
1206 1585 1281 1632 esse
1316 1566 1556 1634 contrarium.
1616 1564 1747 1661 Neque
1775 1559 1896 1637 inhio

191 1747 192 1750 ,
290 1686 403 1760 rebus
431 1687 548 1758 omitti
576 1684 701 1771 debet,
729 1680 825 1779 quid
854 1680 1028 1753 dillerant
1067 1682 1162 1752 inter
1187 1705 1225 1750 sc
1252 1694 1287 1751 et
1312 1680 1384 1772 illa
1406 1696 1441 1752 et
1465 1681 1553 1755 haec
1579 1698 1703 1755 nostra
1727 1696 1836 1755 aetas.
1860 1685 1899 1754 in

229 1884 233 1889 ,
291 1809 355 1898 eis,
381 1835 476 1907 quae
505 1803 717 1894 dedecoro
738 1797 835 1871 tradi
857 1798 976 1872 solent
1002 1827 1043 1873 ac
1066 1801 1246 1900 praecipi,
1273 1800 1410 1898 quibus
1437 1803 1475 1872 in
1501 1829 1628 1874 omncs
1656 1815 1778 1902 partes
1802 1797 1900 1875 *usus

289 1930 396 1999 vitae⁴
411 1915 638 1999 conformari
664 1922 806 1994 debeat.
856 1920 912 2025 Nc
937 1926 1022 2022 quis
1048 1924 1162 2022 igitur
1184 1920 1274 1993 tales
1298 1919 1464 1994 homines
1491 1922 1691 2013 desideret,
1717 1923 1783 2022 qui
1803 1936 1898 2022 'per-

288 2045 375 2120 fecti
395 2047 481 2135 sint,
508 2043 575 2118 sed
600 2046 652 2117 eis
677 2058 869 2118 contentus
897 2070 973 2118 esse
999 2044 1102 2134 velit,
1130 2045 1168 2116 in
1193 2041 1330 2142 quihus
1356 2042 1482 2143 aliqua
1507 2042 1728 2146 significatio
1744 2045 1903 2117 'virtutis

290 2181 475 2267 appareat.
526 2162 671 2236 Deinde
690 2188 781 2236 vero
806 2168 958 2240 omnino
983 2165 1188 2240 tenendum
1211 2179 1277 2254 est,
1304 2164 1399 2265 quid
1421 2169 1468 2239 sit
1493 2166 1603 2256 illud,
1628 2168 1667 2239 in
1698 2191 1774 2266 quo
1808 2168 1901 2239 anti·
1986 2246 1989 2252 ,

291 2313 366 2387 qua
392 2284 584 2358 comoedia
603 2287 762 2379 maximo
786 2306 980 2382 ⁴versetur,
1012 2306 1053 2363 ut
1071 2291 1212 2362 mirum
1238 2313 1314 2361 esse
1341 2311 1417 2357 non
1438 2284 1623 2377 videatur,
1656 2290 1685 2360 si
1722 2301 1829 2387 poeta
1856 2311 1903 2360 eo

244 2390 248 2397 s
290 2405 439 2480 ridendi
463 2403 689 2506 jocandique
710 2433 845 2507 genere
871 2412 924 2482 uti
948 2409 1123 2499 voluerit,
1147 2408 1253 2508 quod
1274 2408 1394 2509 plebis
1415 2404 1692 2481 multitudinem
1713 2404 1902 2479 delectare

121 2538 126 2554 ⁸
187 2592 217 2630 m
290 2526 476 2627 ludosque
503 2528 684 2627 praehere
710 2546 843 2630 posset
904 2528 992 2628 Quo
1024 2531 1178 2622 accedit,
1204 2547 1246 2606 ut
1269 2531 1351 2604 festi
1384 2528 1478 2619 dies,
1503 2527 1640 2627 quibus
1667 2527 1756 2597 artis
1779 2525 1901 2623 speci-

289 2652 389 2721 mina
413 2646 626 2736 ederentur,
664 2655 907 2723 conciliarent
946 2654 1113 2721 homines
1147 2646 1493 2741 conjungerentque
1535 2644 1696 2717 naturali
1737 2642 1902 2746 quadam

290 2767 474 2852 societate,
512 2789 621 2863 quae,
651 2778 793 2836 remoto
819 2764 922 2835 omni
948 2762 1075 2835 decori
1100 2762 1237 2852 studio,
1264 2762 1383 2834 libere
1409 2760 1559 2840 dicendi
1578 2763 1790 2838 facultatem
1809 2789 1902 2865 qua-

226 2971 227 2974 ,
255 2901 257 2910 '
291 2887 514 2980 lemcunque
540 2881 748 2980 praeheret.
815 2882 915 2955 Haec
942 2886 1055 2983 igitur
1082 2899 1118 2956 et
1142 2883 1228 2955 talia
1259 2883 1594 2981 circumspicienda
1624 2888 1773 2960 suntin
1798 2890 1899 2962 omni

290 3005 445 3106 judicio,
472 3002 577 3102 quod
603 3002 649 3075 de
673 3002 846 3101 antiquae
867 3005 1079 3078 comoediae
1101 3006 1219 3105 poetis
1244 3003 1355 3075 laturi
1380 3030 1520 3096 sumus,
1542 3009 1696 3102 utboni
1718 3010 1901 3084 existima·

291 3141 392 3199 tores
419 3151 495 3197 esse
521 3122 717 3222 possimus,
753 3137 788 3193 et
820 3138 1002 3232 quantum
1032 3127 1168 3225 cuique
1196 3124 1390 3214 debeatur,
1416 3098 1635 3228 intelligere.
1704 3126 1902 3232 Quicquid

292 3262 414 3320 autem
449 3247 531 3334 erit,
567 3242 673 3343 quod
712 3242 760 3316 dc
798 3243 1055 3347 Aristophanis
1089 3250 1226 3321 virtute
1259 3238 1440 3322 statuatur
1464 3251 1665 3350 studioque
1692 3250 1784 3349 ejus,
1823 3277 1901 3353 quo

243 3355 247 3369 ⁵
291 3367 430 3442 nemini
455 3391 609 3466 parcere
635 3364 762 3456 vellet,
788 3366 855 3440 sed
880 3373 980 3443 omni
1006 3371 1120 3443 modo
1147 3372 1343 3469 exagitare,
1369 3372 1398 3443 si
1427 3398 1540 3471 quem
1561 3375 1651 3447 vitio
1680 3372 1902 3448 obstrictum

200 3518 211 3539 ·
291 3487 459 3560 vidisset:
481 3483 551 3555 hoc
572 3481 817 3594 tribuendum
845 3488 876 3556 ei
904 3504 969 3577 est,
990 3488 1102 3563 fuisse
1127 3487 1318 3562 hominem
1339 3491 1480 3590 patriae
1506 3494 1810 3587 amantissimum,
1833 3499 1899 3599 qui

291 3620 475 3707 pugnaret
515 3626 589 3702 pro
627 3601 745 3674 salute
790 3609 993 3697 communi,
1043 3607 1181 3682 oblitus
1219 3635 1374 3684 suorum
1415 3613 1721 3707 commodorum,¹
1756 3620 1910 3719 quique

291 3753 436 3802 summo
475 3725 566 3797 odio
605 3741 896 3822 persequeretur
932 3753 1057 3801 omnes
1084 3753 1159 3817 eos,
1193 3754 1288 3828 quos
1320 3724 1507 3832 apriscac
1541 3741 1664 3813 aetatis
1694 3741 1905 3840 integritate

197 3849 202 3855 ’
294 3846 469 3921 recedere
494 3841 811 3944 deprehendisset
862 3845 966 3920 Idem
988 3872 1216 3947 quamquam
1235 3854 1288 3925 rei
1310 3854 1483 3952 publicae
1500 3855 1812 3930 administrandae
1832 3885 1904 3958 po·
1941 3930 1947 3939 ,

291 3984 457 4044 testatem
477 3968 557 4040 aliis
579 3964 803 4064 laudemque
823 3966 1041 4059 concedere,
1062 3997 1175 4070 quam
1196 3976 1273 4074 ipse
1297 4002 1377 4047 eam
1399 4003 1590 4077 capessere
1611 3979 1755 4068 maluit,
1775 3993 1900 4053 tamen

203 4152 207 4158 .
294 4094 382 4164 artis
405 4116 557 4191 genere,
584 4085 689 4187 quod
712 4090 871 4159 maxime
902 4089 1076 4181 excoluit,
1103 4091 1282 4198 majorem
1308 4099 1416 4193 etiam
1451 4099 1622 4200 gloriam,
1648 4126 1763 4202 quam
1787 4103 1900 4174 ceteri

293 4211 395 4301 illius
431 4209 611 4308 temporis
644 4223 788 4308 poetae,
810 4225 993 4283 assecutus
1021 4225 1084 4283 est.
1134 4211 1167 4286 Ia
1198 4217 1297 4288 enim
1314 4219 1460 4317 primus
1492 4218 1576 4309 fuit,
1604 4222 1670 4320 qui
1705 4219 1900 4294 excellenti
1950 4240 1958 4263 *

296 4332 445 4431 ingenio
475 4358 495 4401 a
519 4344 650 4401 natura
677 4333 882 4404 instructus
899 4332 947 4402 ita
973 4326 1021 4401 ad
1046 4332 1177 4427 poesin
1201 4330 1296 4407 latus
1322 4352 1386 4428 est,
1413 4353 1454 4411 ut
1478 4353 1718 4439 componeret
1742 4338 1903 4430 fabulas,

195 4508 198 4511 »
296 4452 435 4552 quibus
471 4448 566 4523 nihil
593 4449 680 4522 addi
708 4452 834 4548 possit,
874 4476 971 4548 quae
1002 4475 1166 4525 summae
1183 4442 1226 4526 ⁴et
1249 4457 1535 4556 perfectissimae
1567 4456 1790 4559 judicandae
1814 4462 1900 4533 sint.

298 4572 461 4648 Omnino
494 4573 588 4644 ratio
624 4567 701 4671 ejus
727 4569 928 4666 conspicua
948 4587 1001 4647 est
1025 4575 1248 4652 inventionis
1281 4596 1317 4654 et
1343 4581 1495 4654 actionis
1527 4583 1763 4682 praestantia,
1797 4580 1900 4666 civili
