4364 5536
947 499 1334 607 ...gg-.-¹

196 810 201 823 Ι
287 724 434 814 sim‘um,
453 706 615 796 ‘omnino
641 725 738 797 inter
758 720 1098 810 se'dissentiebant,
1121 717 1300 818 quoniam
1318 713 1413 789 alter
1435 711 1614 787 advitam
1636 712 1827 814 publicam
1846 739 1890 790 se

147 875 150 878 >
288 841 591 919 accommodabat
614 841 915 944 sequebaturque
932 867 986 932 ea,
1013 866 1108 942 quae
1122 837 1268 924 civitati
1282 834 1462 935 prodesse
1481 832 1823 927 riderentur,alter
1839 840 1893 911 'in'

288 985 333 1033 eo
358 986 468 1036 omne
493 962 660 1038 studium
684 988 913 1065 operamque
937 961 1112 1064 ponebat,
1140 972 1182 1032 ut
1203 959 1378 1031 virtutem
1396 955 1536 1029 coleret
1555 958 1768 1058 omniaque,
1785 970 1893 1060 quae

161 1124 164 1131 ·
201 1142 203 1147 ,
288 1075 337 1153 ad
361 1079 456 1154 bene
475 1081 657 1184 beateque
680 1083 886 1159 vivendum
909 1086 1132 1186 pertineant,
1154 1090 1404 1189 cognosceret
1439 1075 1563 1176 Atque
1581 1076 1693 1149 etiam
1707 1076 1892 1171 dissidere

289 1201 386 1275 inter
413 1227 451 1274 se
476 1216 693 1302 potuerunt,
721 1204 828 1304 quod
850 1200 1115 1304 Aristophanes
1139 1194 1447 1298 odi0·Euripidis
1471 1195 1660 1296 flagrabat,
1676 1212 1680 1219 ’
1695 1190 1896 1296 'cujussssos
1969 1269 1972 1279 ,

289 1321 482 1422 phronisci
516 1319 616 1397 filius
648 1324 918 1396 amantissimus
950 1322 1064 1414 fluisse
1095 1319 1268 1395 traditur.
1320 1318 1518 1427 Habemus.
1539 1322 1640 1390 enim
1670 1318 1896 1411 testimonia,

288 1442 443 1543 plurimi
471 1471 558 1518 eum
579 1444 709 1519 fecisse
730 1441 925 1545 Euripidis
949 1440 1106 1531 fabulas,
1155 1465 1252 1540 quae
1276 1463 1427 1511 morum
1452 1453 1650 1540 praecepta
1674 1439 1898 1540 sapientiaee
1948 1471 1956 1487 ·

289 1590 365 1665 que
388 1566 747 1641 commendationem
766 1565 1011 1637 continerent
1063 1562 1159 1658 Quis
1179 1576 1233 1636 est
1253 1575 1389 1651 autem,
1415 1560 1475 1634 cui
1497 1585 1575 1634 non
1598 1556 1898 1663 perspicuersin't

269 1683 366 1775 ¹illa,
388 1712 484 1788 quae
509 1687 684 1791 pluribus
709 1684 835 1757 verbis
861 1711 883 1755 a
907 1681 1015 1755 nobis
1036 1679 1396 1757 commemorantur?
1447 1680 1522 1757 Sed
1549 1677 1805 1757 minus'etiam
1822 1682 1897 1757 ¹aus·
1978 1756 1983 1767 ,

276 1803 420 1879 ,diendi
445 1823 545 1897 sunt,
572 1808 638 1908 qui
664 1820 813 1908 poetam
832 1805 955 1906 pretio
977 1820 1013 1877 et
1031 1805 1203 1880 mercede
1218 1805 1390 1895 ductum,
1419 1828 1535 1905 quam
1548 1795 1607 1910 ‘ab'
1620 1803 1745 1906 Anyto
1758 1803 1804 1878 'et'
1819 1802 1898 1899 Mt,

288 1925 362 2000 lato
388 1930 584 2028 acceperit,
612 1953 758 2002 causam
779 1927 907 2028 capitis
928 1951 1168 2026 praeparasse
1191 1930 1332 2031 opinati
1348 1939 1448 2016 sunt,
1474 1950 1561 1998 cum
1583 1919 1763 2024 temporis
1781 1924 1896 2019 ratio,

288 2070 365 2146 quo
398 2045 525 2120 fabula
557 2046 667 2122 docta
691 2063 746 2123 est
771 2062 807 2123 et
832 2048 1015 2121 accusatio
1039 2049 1215 2141 instituta,
1259 2050 1361 2124 illam
1385 2047 1602 2122 sententiam
1628 2043 1782 2146 probari
1814 2050 1897 2118 aon

150 2242 152 2247 ,
286 2169 460 2266 patiatur.
477 2166 542 2227 136.
577 2165 699 2262 'Quid
732 2181 854 2242 autem
873 2165 1124 2267 judicandum
1137 2175 1188 2246 sit
1214 2170 1261 2245 de
1288 2166 1493 2243 Wielandii
1515 2166 1704 2258 sententia,
1722 2164 1791 2263 ¹qui
1802 2162 1892 2236 Aria
1989 2218 1993 2233 .

287 2284 505 2386 stophanem
526 2286 712 2363 furentem
746 2289 900 2364 audacia
925 2291 1069 2391 putavit
1092 2291 1132 2362 in
1158 2289 1425 2391 philosophum
1451 2288 1582 2363 fecisse
1609 2288 1799 2382 impetum,
1820 2283 1894 2357 'fa-

288 2405 360 2481 cile
380 2423 569 2508 appareat,
594 2436 717 2513 neque
739 2409 851 2511 digna
869 2425 935 2501 est,
962 2435 1076 2512 quam
1098 2409 1320 2484 refellamus.
1372 2407 1446 2484 Sed
1465 2391 1576 2483 uliud
1592 2404 1787 2509 quoddam·
1801 2432 1896 2508 poe·

232 2623 233 2627 Ἰ
287 2540 344 2600 tae
371 2528 570 2604 consilium
592 2531 746 2632 probari
774 2534 926 2631 poterit,
966 2529 1073 2631 quod
1098 2531 1137 2603 in
1164 2527 1375 2603 deridendo
1401 2544 1547 2605 secutus
1571 2532 1632 2620 sit,
1671 2525 1894 2629 deque'hoc

288 2643 414 2723 dicere
447 2650 656 2752 aggrediar,
710 2652 740 2726 si
783 2677 902 2752 pauca
937 2654 1044 2752 prius
1079 2650 1211 2725 dixero
1249 2649 1297 2723 de
1335 2654 1407 2754 iis,
1447 2675 1544 2751 quae
1582 2648 1653 2724 ‚alii
1697 2648 1891 2722 senserint.

288 2771 383 2844 Sunt
414 2766 513 2846 enim
540 2771 727 2862 nonnulli,
765 2773 832 2870 qui
861 2795 938 2844 non
958 2774 1159 2862 Socratem,
1193 2768 1259 2844 sed
1288 2772 1440 2844 omnino
1467 2767 1659 2870 Sophistas
1689 2771 1896 2870 exagitatos.

253 2957 255 2960 Α
289 2915 367 2963 esse
385 2892 600 2981 voluerunt,
610 2894 763 2991 quique
789 2903 985 2990 negarunt,
1010 2888 1277 2991 philosophum
1297 2892 1418 2982 illum,
1444 2914 1528 2964 cum
1552 2887 1772 2971 adolescens
1781 2903 1892 2979 esset,

290 3007 451 3094 eundem
471 3009 598 3100 fuisse,
623 3014 694 3112 qui
717 3025 830 3109 aetate
855 3018 1073 3112 provectior
1097 3011 1351 3111 perhibeatur,
1377 3038 1463 3086 cum
1489 3011 1602 3085 animi
1628 3008 1751 3110 gloria
1774 3012 1894 3083 omni-¹

289 3152 353 3200 um
379 3127 662 3205 admirationem
696 3129 842 3206 faceret.
894 3121 982 3228 Quo
1014 3130 1272 3236 philosophiae
1306 3136 1509 3236 prinsipes,
1544 3132 1689 3231 antiqui
1729 3127 1892 3231 Physici,

289 3251 457 3351 occupati
489 3250 649 3344 luerint,
689 3280 817 3327 rerum
846 3267 999 3328 naturae
1035 3251 1158 3326 studio
1199 3254 1309 3330 illum
1346 3281 1501 3358 quoque
1533 3251 1706 3352 juvenem
1739 3258 1892 3351 operam

291 3370 435 3447 dedisse
474 3375 727 3467 contendunt,
771 3374 989 3477 praesertim
1038 3396 1126 3444 cum
1162 3373 1381 3477 Maxagcra
1428 3385 1671 3477 praeceptore
1711 3386 1892 3462 uteremur,

290 3499 400 3593 atque
430 3497 539 3569 etiam
566 3497 604 3568 in
637 3522 678 3568 re
709 3497 860 3597 publica
892 3507 1077 3567 versatum
1106 3519 1195 3585 esse,
1227 3496 1294 3571 sed
1326 3494 1453 3597 postca
1484 3495 1636 3568 demum
1666 3489 1895 3593 admoram

292 3598 529 3716 disciplinam
560 3642 598 3689 se
628 3616 845 3716 applicasse,
885 3639 977 3688 cum
1009 3612 1252 3713 publicorum
1280 3615 1474 3691 hominum
1502 3614 1763 3689 educationem-
1783 3614 1896 3689 inam
1974 3685 1977 3689 .

291 3730 366 3806 lem
402 3735 484 3809 fore
519 3736 765 3810 intellexisset.
780 3733 845 3793 137,
918 3730 1078 3834 Insuper
1119 3733 1182 3807 alii
1222 3760 1299 3809 non
1339 3736 1585 3811 omittendum
1626 3736 1894 3826 existimarant,

292 3846 374 3923 fieri
396 3879 472 3926 non
494 3882 614 3957 posse,
640 3870 682 3931 ut
706 3858 887 3946 Socrates,
919 3877 1003 3929 cum
1029 3852 1233 3929 admodum
1257 3842 1470 3931 adolescens
1496 3872 1600 3949 esset,
1627 3857 1740 3959 plane
1768 3858 1895 3959 singu·

292 3971 363 4045 lari
384 3974 521 4048 virtute
541 3978 773 4069 excelluerit,
792 4001 878 4052 cum
898 3973 946 4048 ad
963 3973 1169 4077 voluptates
1190 3974 1438 4077 perfruendas
1458 3980 1685 4079 propensior
1703 3992 1815 4070 esset3
1825 3977 1893 4045 ¹1³8·

154 4112 157 4117 ·
282 4092 436 4187 addito,
474 4095 580 4198 quod
611 4098 641 4172 is
671 4125 693 4171 a
723 4099 846 4200 prima
871 4110 988 4171 aetate
1019 4095 1188 4172 factionis
1219 4094 1344 4170 studio
1373 4110 1486 4199 atque
1517 4097 1640 4190 laudis
1666 4099 1896 4201 honorisque

290 4277 563 4297 —fl-——u—-n

377 4384 442 4447 ¹³⁶·
459 4385 553 4455 uibar
581 4389 795 4470 aristophanes
823 4390 980 4469 ttottrm
1000 4405 1061 4458 rou
1079 4392 1117 4468 ἲς.
1140 4388 1190 4458 m.
1213 4383 1361 4469 eiecta,
1394 4389 1512 4469 6.,19.
1598 4390 1662 4458 ¹³⁷.
1684 4374 1901 4489 aduecta&

488 4491 633 4573 matter,
662 4489 795 4576 asarias
814 4510 876 4563 cor
903 4494 940 4579 ὓ.
961 4492 1004 4563 d.
1022 4492 1156 4585 matam
1175 4490 1418 4575 aamertaagm,
1451 4492 1496 4562 6.
1514 4496 1588 4566 tto.
1674 4495 1738 4556 ¹³8·
1759 4494 1821 4565 bis
1834 4494 1900 4561 otte
1927 4565 1930 4573 ,

489 4594 624 4679 tratur
645 4591 754 4678 bitae
772 4597 805 4681 ta
825 4599 943 4680 ausa,
975 4595 1138 4682 catastam
1154 4609 1215 4663 aaa
1236 4597 1277 4678 t).
1294 4596 1331 4680 ὗ.
1351 4596 1563 4681 scarpato,
1593 4597 1639 4665 6.
1655 4602 1726 4668 stc
1749 4640 1767 4655 ·.
1800 4636 1805 4655 .
1827 4606 1888 4659 .-,.·.ε
