4364 5536
295 699 447 776 hebebit
473 697 706 799 Grysarium,
741 697 807 797 qui
834 694 1011 795 exemplis
1042 696 1239 772 tradendis
1249 711 1391 771 totum·
1405 697 1718 802 illud'explicuit.
1730 703 1779 773 2⁸.
1794 705 1903 809 *Ni*

297 848 371 925 que
396 822 508 923 magis
539 815 786 894 necessarium
818 814 938 891 videri
966 816 1131 910 debebit,
1169 818 1384 920 Epicharmi
1414 819 1558 894 fabulas
1586 844 1821 916 enumerare,
1848 829 1902 905 in

296 946 434 1046 quibus
473 945 653 1032 Homeri,
678 940 830 1014 Hesiodi
871 941 1105 1040 aliorumque
1146 955 1343 1040 poetarum
1379 942 1607 1014 narrationes
1648 947 1901 1045 exagitaverit,

296 1093 414 1168 quum
447 1065 540 1140 alius
567 1059 720 1162 quidam
745 1060 817 1134 hoe
842 1089 999 1135 munere
1031 1061 1137 1161 fungi
1172 1053 1353 1133 voluerit(
1371 1060 1417 1117 29.
1471 1059 1708 1160 Adjieiautur
1747 1065 1903 1143 tandem

294 1185 567 1261 nonnullorum
599 1199 793 1283 poetarum
824 1185 984 1275 fabulae,
1026 1211 1120 1283 quae
1150 1185 1188 1255 in
1220 1180 1291 1254 hoe
1322 1207 1457 1280 genere
1482 1198 1586 1255 sunt:
1616 1201 1662 1259 3⁰.
1727 1184 1898 1263 Alexidis

294 1307 325 1369 Γ
323 1302 462 1380 alanta,
474 1303 589 1384 Ἑλένη,
603 1302 698 1369 Ἑπτά
718 1301 771 1365 ἐπὶ
792 1298 910 1384 Θήβας,
924 1296 1068 1382 Ἡσιόνη,
1081 1305 1190 1378 Λῖνοι,
1211 1299 1337 1378 Μίνως,
1356 1299 1536 1374 Ὀδυσσιδς
1555 1300 1712 1385 epulans,
1727 1305 1899 1392 Ὀρέστης,
1989 1382 1994 1387 ,

296 1407 413 1489 Τηθδς,
438 1401 642 1490 Τροφώνιοςι
664 1407 901 1468 Anaxandridae
922 1403 1078 1486 Ἀγχισης,
1102 1405 1216 1487 Ἑλένη,
1240 1405 1412 1487 Ἡρακλῆς,
1443 1403 1579 1484 Θησεδς,
1602 1409 1805 1491 Λυκοῦργος,
1831 1408 1900 1496 Νη.
1936 1477 1939 1483 ,

295 1506 378 1594 peric,
399 1507 587 1584 Ὀδυσσεδς,
607 1502 789 1591 Πάνδαρος,
812 1505 1053 1601 flautandans,
1079 1504 1216 1588 Τηρεδςε
1245 1508 1437 1590 Antiphanis·
1450 1503 1580 1583 Αἴολος,
1610 1503 1764 1603 Ἀθάμας,
1781 1508 1898 1597 Ἀλκη-

296 1638 373 1692 στις,
390 1613 550 1689 Ἀνταῖος,
573 1604 773 1695 Ἀσκληηιος,
796 1606 987 1692 Ἀφροδίτης
1007 1609 1106 1689 γοναί,
1130 1606 1268 1693 Βάκχαι,
1290 1610 1461 1695 Βούσιρις,
1483 1613 1513 1673 Γ
1512 1607 1684 1694 ανυμηδδς,
1702 1612 1898 1694 Δευκαλιλον,

292 1712 449 1796 Κύκλωψ,
471 1710 668 1789 Μειλανιλου,
691 1711 890 1794 Μελέαγρος,
913 1709 1055 1794 Μήδεια,
1080 1709 1249 1794 Οἰνόμαος,
1270 1708 1433 1797 Ὀμφάλη,
1454 1713 1606 1799 Ὀρφεὺς,
1628 1717 1767 1802 Σαπφιδ,
1780 1715 1896 1800 Φάων,

173 1872 176 1877 -
223 1891 226 1894 ι
296 1820 503 1908 Φιλοκτήτης,
539 1817 700 1889 aliorum
726 1814 816 1889 aliae
843 1818 991 1891 multae.

391 2036 606 2108 Referemus
632 2062 700 2110 nos
727 2036 775 2110 ad
804 2063 865 2112 eos
891 2054 1030 2139 poetas,
1071 2042 1136 2141 qui
1164 2039 1213 2113 ad
1241 2040 1428 2140 longiores
1456 2054 1491 2112 et
1518 2040 1755 2139 perfectiores
1782 2070 1894 2146 paro-

259 2198 262 2203 ·
292 2156 371 2231 dias
386 2159 497 2258 primi
519 2160 595 2231 vim
617 2185 722 2232 suam
736 2162 1002 2261 ingeniumque
1018 2163 1313 2237 accommodasse
1328 2161 1538 2235 rideantur.
1562 2194 1563 2199 ¹
1591 2164 1650 2238 Ex
1668 2169 1718 2243 eis
1738 2170 1891 2240 omnino

291 2279 540 2353 nominandus
571 2296 624 2355 est
645 2280 830 2371 Cratinus,
863 2281 968 2381 cujus
997 2281 1124 2354 fabula
1150 2289 1322 2361 Ὀδυσσεῖς
1348 2286 1526 2382 inscripta
1553 2288 1616 2359 etsi
1639 2285 1798 2370 florente,
1825 2276 1893 2361 eoss

206 2492 210 2498 ἰ
291 2400 438 2473 moedia
462 2404 611 2501 antiqua
637 2402 745 2475 docta
770 2404 892 2491 est,3¹·
928 2417 1050 2474 tamen
1082 2400 1194 2473 medii
1224 2402 1369 2498 generis
1399 2405 1487 2494 τύπῳ
1522 2404 1665 2504 signata
1688 2408 1890 2507 reperitur.

292 2517 388 2592 Cum
415 2523 607 2619 proposito
633 2538 760 2596 nostro
787 2525 910 2594 minus
937 2534 1225 2593 consentaneum
1248 2521 1295 2593 sit
1330 2520 1396 2593 diu
1430 2523 1665 2626 multumque
1698 2554 1891 2628 quaerere,

291 2667 408 2742 quare
434 2657 541 2741 poeta
558 2645 606 2716 ln
633 2642 1021 2719 inscribenda-sabula
1045 2639 1183 2740 plurali
1211 2666 1370 2712 numero
1394 2640 1481 2714 usus
1506 2645 1565 2735 sit,
1576 2645 1623 2703 32.
1652 2659 1716 2719 aut
1741 2647 1890 2748 quinam

291 2762 352 2834 alii
380 2779 508 2862 poetae
533 2763 675 2839 fabulas
699 2768 830 2840 eodem
850 2766 1001 2836 nomine
1021 2753 1292 2848 docuerint,3³·
1317 2760 1365 2833 ad
1391 2790 1471 2837 rem
1494 2766 1609 2865 ipsam
1633 2786 1889 2873 properamus,

289 2899 330 2956 ut
353 2882 593 2982 significetur,
627 2886 722 2983 quid
753 2887 822 2959 sibi
855 2885 1020 2957 voluerit
1054 2896 1171 2982 poeta.
1232 2880 1348 2973 Quod
1368 2885 1569 2985 ‘Platonius
1597 2886 1734 2960 diserte
1766 2886 1890 2979 tradit,

201 3054 205 3059 -
290 3005 398 3076 habet
433 3005 497 3075 illa
530 3003 685 3102 quidem
716 3003 909 3076 comoedia
942 3003 1123 3087 διασυρμὸν
1153 3008 1212 3086 τῆς
1232 3005 1426 3082 Ὀδυσσείας
1459 3016 1518 3075 τοῦ
1537 3009 1707 3096 Ὁμήρους
1744 3005 1812 3080 sed
1841 3032 1889 3081 tte

213 3202 216 3207 ,
289 3126 373 3226 quis
400 3123 486 3196 inde
505 3123 666 3224 colligat,
691 3150 767 3223 quo
787 3123 895 3197 facile
920 3122 1046 3197 induci
1066 3120 1195 3220 possit,
1223 3120 1326 3219 quasi
1348 3119 1495 3195 fabulae
1519 3123 1714 3200 Cratineae
1732 3152 1888 3230 prorsus
1911 3170 1916 3176 ·

289 3243 401 3333 idem,
429 3244 533 3343 quod
559 3243 733 3347 Cyclopis
756 3246 969 3348 Euripidei,
993 3255 1251 3342 argumentum
1276 3240 1388 3345 fuisse
1421 3240 1602 3316 videatur.
1654 3246 1742 3343 Quo
1766 3252 1890 3326 minus

287 3368 337 3439 ita
356 3380 545 3455 statuatur,
585 3393 645 3438 res
672 3369 749 3467 ipsa
776 3371 921 3468 cognita
948 3362 1109 3451 docebit,
1126 3410 1130 3417 ·
1148 3385 1234 3433 cum
1259 3361 1460 3461 Euripides
1486 3368 1638 3439 omnino
1663 3369 1714 3445 ad
1734 3372 1887 3448 Homeri

287 3490 536 3561 narrationem
561 3513 598 3560 se
624 3487 840 3585 applicaret,
879 3485 1050 3557 Cratinus
1072 3509 1175 3571 vero,
1215 3476 1257 3555 u't
1281 3485 1514 3584 propositum
1537 3508 1807 3592 assequeretur,
1847 3497 1888 3579 in

183 3597 194 3618 ’
287 3611 459 3709 plurimis
489 3609 600 3680 rebus
633 3607 679 3678 ab
707 3607 877 3707 exemplo
910 3603 1087 3677 recedere
1114 3602 1276 3698 deberet.
1328 3607 1394 3680 Est
1428 3610 1543 3708 igitur
1574 3634 1673 3682 nona
1702 3611 1888 3714 Odysseae

287 3728 497 3828 rhapsodia,
524 3726 629 3828 cujus
649 3756 728 3801 eam
752 3744 909 3829 partem,
936 3755 1031 3827 quae
1056 3726 1187 3826 Ulyxis
1212 3752 1299 3801 cum
1323 3727 1556 3827 Polyphemo
1579 3756 1639 3805 res
1663 3748 1780 3832 gestas
1799 3756 1888 3810 con·

286 3851 391 3938 tinet,
431 3864 538 3947 poeta
568 3851 606 3921 in
638 3847 749 3948 jocosi
784 3850 956 3923 carminis
986 3848 1145 3921 sormam
1175 3846 1348 3946 redigere
1372 3846 1504 3937 votuit,
1544 3851 1661 3953 idque
1683 3881 1729 3929 eo
1754 3858 1888 3935 melius

287 3973 405 4062 cessit,
441 3996 518 4070 quo
544 3973 654 4070 plura
682 3971 923 4072 praebentur,
960 3994 1055 4068 quae
1082 3966 1130 4040 ad
1165 3967 1281 4038 risum
1307 3963 1525 4066 detorqueri
1552 3962 1704 4072 possint
1754 3980 1887 4082 Sequi-
1989 4023 1993 4032 ·

286 4114 381 4167 mur*
398 4107 519 4165 autem
548 4091 586 4161 in
610 4093 835 4189 quaestione,
874 4115 970 4189 quae
994 4087 1065 4160 boe
1097 4087 1180 4160 loco
1207 4088 1299 4159 oriri
1333 4086 1458 4182 debet,
1497 4092 1690 4194 quomodo
1712 4093 1887 4175 cratium

369 4372 417 4433 28.
437 4373 485 4431 De
507 4368 681 4431 Dorjeom.
702 4380 820 4452 quaest.
843 4370 891 4432 ed.
922 4373 956 4432 C.
977 4370 1004 4432 J.
1027 4357 1154 4455 Gr'ysar'.
1177 4392 1246 4454 pag.
1265 4368 1337 4452 937.
1357 4376 1442 4455 s'eqq.
1535 4376 1581 4434 29.
1600 4363 1887 4457 fflbllalldttd‘llliw
1952 4432 1958 4439 .

478 4474 564 4562 frum.
597 4473 756 4554 Sabrqonq
771 4476 805 4534 tt.
837 4471 909 4555 52th
923 4470 953 4542 4.
977 4477 1021 4543 Θ.
1035 4480 1105 4545 510.
1191 4475 1332 4538 30.lbid.
1417 4475 1778 4558 31.MeinekiiQnaest.
1799 4504 1885 4549 seen.
1990 4544 1993 4549 .

477 4580 602 4663 specim.
617 4580 641 4642 l.
660 4575 792 4661 pag.35.
878 4575 1504 4679 32.LucaeCratin.etEupolapagAE‘l,
1580 4582 1686 4652 abld.
1699 4582 1833 4671 paptil.
1880 4574 1916 4619 .‘
