4364 5536
293 725 384 805 utile
408 726 480 801 hoc
499 726 583 799 loco
600 719 809 826 putandum
820 705 964 811 ‘erit,'si
985 719 1204 820 praecipuas
1228 717 1371 818 sapient

289 853 362 942 eis,-
374 876 470 957 quae
491 846 640 921 levioris
658 843 961 930 momentisunt,
978 841 1106 954 paucis
1123 840 1426 941 explicuerimus.
1454 842 1597 943 Populi
1609 858 1781 945 potestas,
1792 868 1895 947 'quae

291 973 377 1048 satis
389 996 519 1070 magna
532 964 651 1041 videri
666 967 801 1066 potuit,
817 988 861 1036 eo
872 963 1028 1037 maxime
1041 959 1254 1054 liniebatur,
1268 961 1375 1064 quod
1388 987 1515 1060 omnes
1529 965 1570 1055 ii,
1582 965 1647 1065 qui
1658 963 1895 1043 facultatibus

229 1167 232 1180 ‚
292 1102 474 1182 carerent,
492 1089 540 1163 ab
558 1085 764 1177 honoribus
783 1087 937 1161 civitatis
951 1083 1256 1185 segregabantur.⁸
1300 1082 1512 1159 Accedebat
1529 1098 1587 1178 eo,
1608 1100 1652 1160 ut
1663 1090 1893 1190 magistratus

245 1238 370 1300 xnon
393 1225 491 1287 sorte
514 1207 640 1299 ducta,
680 1206 747 1282 sed
770 1210 883 1284 totius
908 1204 1042 1310 populi
1065 1205 1250 1308 suffragiis
1276 1190 1516 1308 eligerentur,
1551 1233 1676 1307 neque
1700 1208 1893 1310 dignitates
1963 1248 1964 1252 ¹

293 1335 482 1409 redituum
499 1331 680 1433 praemio,
707 1325 774 1400 sed
799 1325 952 1400 honoris
975 1327 1230 1427 magnitudine
1254 1328 1481 1431 expetendae
1501 1343 1630 1404 essem
1661 1329 1784 1404 „Illud
1809 1336 1892 1432 qui-

290 1436 391 1545 dem,
427 1452 536 1555 quod
559 1453 726 1553 primum
749 1450 872 1550 posui,
897 1474 974 1522 non
1000 1454 1165 1550 possum,
1192 1449 1290 1547 quin
1309 1445 1358 1520 ab
1384 1450 1487 1523 omni
1513 1457 1618 1550 parte
1642 1451 1792 1538 laudem
1813 1469 1894 1528 tau·
1920 1442 1921 1447 ¹

293 1599 404 1676 quam
429 1574 569 1674 optime
598 1573 852 1660 constitutum,
879 1567 1190 1672 quandoquidem
1213 1592 1379 1642 summus
1407 1567 1533 1668 legum
1558 1557 1654 1664 lator
1677 1577 1786 1649 etiam
1811 1576 1892 1650 inti.

292 1721 372 1771 mos
397 1694 565 1769 homines
586 1695 772 1785 incitabat,
799 1708 841 1767 ut
863 1718 940 1768 sese
964 1692 1036 1766 sibi
1058 1717 1136 1765 non
1159 1689 1328 1766 defuisse·
1344 1687 1496 1781 vellent,
1522 1690 1752 1768 ubioccasio
1772 1694 1894 1772 oblata
2023 1707 2027 1711 '
2134 1684 2136 1689 ¹

290 1833 395 1910 esset,
421 1844 496 1919 qua
520 1817 677 1917 propius
702 1811 750 1887 ad
773 1837 854 1885 rem
877 1810 1068 1912 publicam
1090 1827 1239 1914 possent
1256 1808 1484 1886 accedere&
1518 1810 1757 1915 Quamquam
1781 1818 1894 1916 igitur

289 1941 384 2039 aptis
412 1926 638 2024 bominibus,
665 1935 733 2034 qui
759 1931 940 2007 baberent
964 1962 985 2006 a
1008 1948 1142 2007 natura
1167 1931 1378 2038 adjumenta
1402 1922 1813 2032 rerum-gerendarum,
1844 1926 1904 2020 tlss

289 2060 445 2162 quidem
478 2059 627 2159 ingenio
660 2052 973 2154 facultatibusque
1003 2056 1122 2128 ornati
1156 2067 1289 2144 essent,
1336 2068 1449 2156 atque
1482 2056 1591 2130 etiam
1624 2057 1689 2129 otii
1718 2055 1892 2133 felicitate

287 2180 520 2272 fruerentur,
534 2175 763 2278 adipiscendi
775 2176 1005 2276 magistratus
1017 2190 1053 2249 et
1065 2173 1227 2277 gerenda
1241 2172 1452 2274 respublica
1466 2171 1599 2250 eraut·
1608 2191 1732 2253 tamen
1742 2207 1791 2255 ne
1801 2207 1891 2282 pau·

288 2300 443 2402 peribus
470 2297 627 2399 quidem
649 2297 728 2370 ulla
750 2323 877 2371 caussa
899 2295 984 2388 suit,
1010 2289 1315 2371 cur'inviderent
1329 2293 1415 2369 illis
1436 2298 1652 2396 potentiam,
1677 2315 1798 2401 qaum
1818 2299 1888 2402 ipsi

288 2423 480 2521 principes
506 2421 659 2495 civitatis
683 2446 811 2495 creare
835 2432 946 2520 atque
972 2420 1093 2509 etiam,
1134 2420 1165 2493 si
1199 2442 1294 2519 quos
1322 2414 1457 2517 injuste
1481 2415 1815 2520 agereaudissent,
1851 2423 1891 2494 in

287 2540 474 2641 judicium
492 2565 625 2614 vocare
646 2553 797 2641 possent
822 2562 864 2611 ac
881 2563 1004 2640 poena
1027 2539 1186 2615 afficere.
1249 2539 1379 2637 Neque
1399 2539 1521 2612 minus
1542 2538 1771 2638 reipublicae
1793 2541 1890 2616 salus
1937 2595 1940 2598 -

289 2659 378 2736 inde
405 2661 554 2750 exstitit,
580 2659 688 2761 quod
712 2657 877 2732 secunda
902 2657 984 2754 lege
1008 2658 1094 2748 lata,
1122 2685 1238 2757 quam
1261 2657 1540 2759 prudentissimi
1564 2657 1734 2756 homines
1750 2651 1892 2738 Aristo-

287 2779 377 2856 teles
408 2795 447 2858 et
464 2776 598 2852 Cicero
624 2777 801 2878 omnium
815 2773 1103 2850 saluberrimam
1125 2789 1225 2848 recte
1251 2774 1441 2868 dixerunt,
1453 2779 1479 2837 ⁵·
1499 2780 1612 2878 primi
1637 2782 1793 2867 civitatis
1817 2784 1890 2857 viri

287 2928 457 3004 magnam
479 2902 519 2988 iu
543 2878 824 2997 magistratuum
848 2893 1064 2969 electionem
1089 2896 1167 2969 rim
1186 2892 1380 2971 habebant
1433 2894 1539 2998 Quid
1559 2866 1751 2979 autema
1769 2896 1814 2979 eo
1834 2901 1890 2979 di-

290 3022 451 3099 cendum
466 3021 549 3110 erit,
565 3020 596 3093 si
612 3016 942 3118 praestantissimus
963 3013 1075 3088 bomo
1095 3037 1219 3113 neque
1238 3016 1304 3105 eis,
1327 3020 1393 3119 qui
1409 3045 1566 3094 munere
1587 3020 1749 3122 legitime
1769 3021 1887 3100 functi

286 3157 423 3235 essent,
447 3142 567 3216 ullum
593 3137 814 3240 praemium,
852 3137 924 3209 nisi
949 3131 1103 3210 honoris
1129 3133 1280 3209 laudem
1304 3138 1515 3242 proposuit,
1558 3140 1684 3244 neque
1710 3168 1787 3238 eos,
1821 3150 1888 3248 qui

289 3264 531 3366 negligentiae
557 3274 621 3334 aut
640 3259 825 3352 avaritiae·
842 3256 1005 3367 accusari
1031 3271 1193 3357 possent,
1217 3282 1338 3358 poena
1360 3286 1492 3336 vacare
1514 3260 1642 3362 jussit?
1679 3265 1813 3340 Nonne
1835 3271 1887 3341 ci·

287 3387 409 3462 'vitatis
424 3383 791 3472 administrationem,
810 3377 961 3480 qualem
975 3378 1194 3471 instituerat,
1227 3382 1396 3455 omnium
1414 3385 1593 3484 optimam
1610 3383 1722 3461 fuisse
1741 3411 1889 3462 mecum

288 3504 497 3611 putaveris?
546 3504 597 3578 lta
622 3503 721 3577 enim
743 3501 852 3577 nullo
875 3497 991 3574 modo
1016 3496 1098 3573 fieri
1126 3502 1262 3602 potuit,
1295 3517 1336 3576 ut
1361 3505 1401 3596 ii,
1435 3507 1501 3606 qui
1529 3505 1724 3583 inferioris,
1743 3507 1887 3584 ordinis

290 3643 420 3720 essent,
439 3617 745 3726 concupiscerent
768 3649 824 3714 ea,
850 3648 947 3724 quae
968 3635 1030 3697 aut
1052 3644 1129 3694 non
1149 3625 1327 3723 consequi
1346 3639 1509 3726 possent,
1531 3643 1595 3704 aut
1611 3653 1688 3703 non
1703 3628 1883 3705 obtinere.
1986 3664 1997 3671 ·

286 3733 505 3823 fiadztamen
524 3758 718 3818 contentus
738 3740 828 3817 Solo
847 3739 906 3816 his
925 3766 1003 3814 non
1023 3739 1115 3833 lirit3
1136 3756 1327 3839 praeterea
1350 3749 1451 3822 enim
1461 3747 1659 3850 Areopago
1677 3747 1823 3840 tribuit,
1845 3765 1887 3823 ut

288 3868 618 3968 civium1e0s,qui
639 3867 763 3940 minus
786 3862 983 3964 diligentes
1009 3877 1122 3961 atque
1148 3861 1322 3939 industrii
1346 3867 1513 3960 fuissent,
1542 3882 1605 3940 aut
1631 3866 1741 3941 etiam
1763 3873 1884 3970 turpis

285 3986 383 4076 ritae
408 3985 531 4061 labem
559 3975 717 4084 ferrent,
754 3982 1047 4059 rationem³facti
1074 3981 1308 4060 reddendam
1341 3985 1443 4086 apud
1468 4011 1506 4058 se
1537 3982 1694 4082 juberes
1707 3986 1733 4048 θ·
1769 3987 1883 4081 Quod

240 4183 244 4188 ,
287 4121 408 4189 autem
430 4108 687 4208 gravissimum
707 4103 792 4195 fuit,
817 4093 943 4175 omnia
962 4102 1039 4193 illa,
1066 4103 1204 4203 quibus
1225 4103 1440 4205 Areopagus
1460 4132 1481 4176 a
1501 4100 1615 4181 veleri
1638 4108 1726 4181 inde
1747 4133 1883 4181 memo
1930 4165 1935 4173 .

287 4231 343 4303 ria
361 4227 546 4315 utebatur,
564 4223 656 4327 ‘jura
681 4239 759 4297 rata
781 4222 885 4314 fecit3
904 4221 939 4282 7?
961 4237 1193 4323 quapropter
1214 4226 1393 4324 tanquam
1415 4230 1663 4301 necessarium
1685 4228 1817 4317 sanxit,
1844 4245 1884 4301 ut

369 4442 783 4529 s.1tit‹t'.111,t.vn,tt
817 4449 847 4510 4.
867 4446 1108 4520 Aristotholit.
1122 4443 1216 4525 VM.
1280 4451 1404 4539 balbi-11.
1423 4449 1884 4535 W,Q‚‘mf,Cioe1=0dolegg.

330 4569 338 4604 ⁸
384 4583 389 4598 ¹
422 4572 441 4603 f·
479 4557 534 4632 1113*
548 4553 597 4615 15.
617 4548 669 4626 16.
765 4548 1195 4632 t.t>tutaroh.ssoton.-1.p
1214 4547 1284 4615 361.
1307 4539 1382 4614 edit.
1402 4553 1507 4617 Ratae
1537 4559 1541 4578 ⁴
1604 4556 1631 4616 7.
1648 4555 1771 4616 anatot
1790 4551 1884 4616 Polit.

404 4742 406 4745 ¹
482 4660 516 4720 ιι.
539 4655 586 4720 10.
605 4658 610 4739 5
629 4657 667 4729 a.
687 4647 1336 4747 n.1·s«aa,-aaa-omaasaasaa
1355 4651 1406 4722 m
1420 4657 1497 4725 ss>
1670 4664 1676 4680 ·
1828 4668 1835 4677 ¹
