4364 5536
470 724 627 784 tractare
651 695 801 809 possent
828 705 960 780 comici
994 717 1137 804 poetae,
1164 709 1262 778 satis
1301 706 1507 798 argumenti
1539 694 1732 787 baberent,
1771 724 1895 799 neque
1934 699 2075 778 deesset

470 827 655 903 actoribus
688 835 840 918 occasio,
868 852 955 928 qua,
1002 833 1170 925 quamvis
1195 834 1240 897 sit
1265 821 1440 908 arduum,
1472 817 1751 906 similitudinem
1784 819 2003 922 effingerent
2028 852 2074 898 ex

469 946 615 1020 animali
633 946 823 1045 exemplo.
876 945 992 1040 Quod
1018 955 1171 1020 omnino
1198 944 1373 1018 accedere
1397 940 1521 1026 debet,
1547 955 1622 1012 tota
1652 941 1824 1041 publicae
1856 953 1948 1017 vitae
1979 956 2102 1021 ratio.

466 1067 547 1142 talis
582 1082 660 1139 crat
696 1066 797 1167 apud
830 1065 1081 1154 Athenienses,
1111 1078 1152 1136 ut
1187 1062 1332 1137 ridendi
1372 1060 1595 1161 jocandique
1632 1071 1823 1137 materiam
1862 1064 2072 1162 praeberet,
2100 1170 2102 1172 V

465 1212 553 1262 cum
578 1212 756 1287 persaepe
783 1193 883 1282 cives
910 1188 1030 1264 multo
1070 1173 1212 1284 maj0ra
1237 1183 1427 1257 molientes
1453 1180 1644 1273 ostendat,
1672 1209 1788 1286 quam
1818 1193 1961 1286 assequi
1987 1212 2071 1288 pos·

463 1322 562 1385 sent:
575 1305 629 1381 id
650 1305 756 1408 quod
779 1315 928 1407 antiqua
952 1305 1204 1382 comoediam
1226 1333 1307 1381 ιοιιι
1326 1330 1431 1382 suam
1456 1319 1672 1399 οοιιιοιιοιο
1693 1304 1822 1378 voluit
1872 1305 1952 1379 Hoc
1972 1307 2072 1385 idem

464 1454 542 1507 non
567 1426 667 1502 cadit
705 1437 743 1503 in
769 1443 909 1502 ceteros
941 1429 1103 1529 populos
1144 1437 1380 1525 maximeque
1419 1426 1619 1516 Romanos,
1658 1450 1825 1526 quorum
1860 1441 1960 1502 tanta
1993 1444 2071 1504 erat

343 1637 347 1647 1
427 1588 434 1595 -
462 1559 591 1652 primis
615 1549 845 1650 temporibus
873 1575 1026 1626 morum
1046 1550 1260 1650 simplicitas
1284 1563 1319 1620 et
1341 1546 1511 1647 gravitas,
1534 1559 1628 1622 vitae
1649 1555 1857 1624 communis
1882 1555 2067 1643 severitas,

462 1670 624 1770 denique
656 1682 826 1745 omnium
864 1664 1008 1760 rerum,
1048 1697 1144 1771 quae
1185 1671 1234 1745 ad
1269 1680 1449 1746 civitatem
1490 1668 1733 1771 pertinerent,
1778 1677 1991 1764 constantia,
2026 1686 2069 1748 ut

460 1818 584 1892 neque
609 1816 732 1865 mores
758 1789 899 1889 aliquid
921 1789 1066 1865 ridiculi
1092 1790 1240 1882 habere,
1266 1818 1388 1893 neque
1413 1792 1564 1893 publiea
1582 1800 1656 1866 vita
1676 1798 1716 1866 in
1741 1789 2067 1891 reprehensionem
2157 1780 2161 1791 ¹

459 1919 652 1989 incurrere
676 1925 809 2012 posset.
862 1910 1008 2006 Quibus
1045 1913 1218 1989 omnibus
1243 1915 1335 2014 quid
1361 1923 1476 2015 possit
1502 1941 1579 1989 esse
1607 1920 1722 2014 magis
1744 1919 1974 1993 eontrarium
2005 1914 2071 1987 οοέ

458 2029 625 2105 moediae
654 2029 857 2107 festivitati?
908 2031 1035 2126 Quare
1064 2057 1141 2104 non
1174 2043 1313 2110 mitum
1350 2015 1532 2127 videatur,
1559 2035 1665 2136 quod
1688 2038 1945 2111 Romanorum
1969 2034 2066 2111 oculi

457 2176 639 2260 auresque
664 2151 807 2229 fabulas
844 2152 1005 2229 ludicras
1029 2157 1225 2256 percipere
1251 2154 1478 2245 maluerunt,
1519 2180 1633 2254 quam
1657 2163 1742 2228 artis
1769 2172 1999 2232 venustatem
2024 2182 2067 2243 ac

432 2272 434 2275 ’
456 2271 636 2372 leporem
686 2273 737 2348 At
759 2301 848 2347 vcro
875 2275 1020 2349 aliaest
1048 2305 1089 2348 ra
1091 2284 1140 2350 tio
1091 2273 1334 2350 tGraeci
1326 2283 1472 2394 ingenii,
1499 2274 1604 2375 quod
1636 2277 1875 2359 omnimodo
1901 2287 2066 2352 connite-

456 2407 574 2482 retur,
600 2407 642 2467 ut
665 2403 825 2493 speciem
850 2393 1040 2495 quandam
1063 2385 1244 2470 humanae
1266 2411 1418 2473 naturae
1444 2409 1566 2493 animo
1595 2395 1663 2470 sibi
1690 2395 1911 2472 informaret
1948 2410 2062 2497 atque

454 2489 492 2588 in
516 2527 593 2585 arte
619 2525 856 2615 exprimeret,
884 2516 998 2615 idque
1024 2542 1068 2589 eo
1094 2518 1227 2594 melius
1251 2522 1370 2611 cessit,
1406 2544 1484 2620 quo
1510 2532 1588 2612 erat
1614 2516 1816 2623 perfectior
1839 2517 1904 2589 illa
1928 2526 2063 2619 imago,

453 2630 558 2731 cujus
590 2637 710 2708 omnis
750 2639 842 2707 ratio
882 2651 958 2709 tam
984 2638 1126 2707 sincera
1165 2653 1275 2735 atque
1302 2649 1459 2735 ingenua
1483 2654 1587 2724 esset,
1615 2653 1736 2711 utex
1761 2635 1872 2711 rebus
1893 2632 2062 2714 humanis
2158 2629 2160 2632 ’

453 2763 630 2852 concepta
663 2753 710 2825 ad
740 2778 927 2842 summam
953 2769 1181 2830 venustatem
1202 2753 1465 2854 effingeretun
1509 2751 1677 2829 Omnino
1704 2769 1840 2847 autem,
1877 2773 1920 2833 ut
1944 2759 2061 2834 verbo

452 2872 608 2962 dicatur,
632 2885 708 2944 tota
728 2871 961 2950 Graecorum
985 2904 1044 2949 ars
1066 2903 1109 2950 eo
1136 2877 1256 2968 rediit,
1275 2890 1317 2952 ut
1347 2876 1443 2949 vitae
1466 2874 1647 2952 humanae
1679 2872 1946 2975 jucunditatem
1971 2906 2059 2983 pro·
2112 2872 2114 2874 ’

450 3009 606 3093 poneret
634 3004 879 3094 omnssumque
902 2996 1104 3089 malorum,
1125 3026 1221 3100 quae
1243 3004 1350 3071 vitari
1371 3023 1448 3069 non
1474 3010 1638 3098 possent,
1656 2996 1829 3074 solatium
1850 3000 2057 3099 praeberet

333 3164 335 3170 -
449 3114 575 3202 Aede
602 3114 837 3189 Graecorum
861 3117 1016 3216 quidem
1054 3125 1199 3220 ingenio
1241 3120 1419 3211 diximus,
1444 3118 1547 3194 unde
1579 3133 1765 3223 appareat,
1802 3134 1980 3218 quantam
2011 3120 2059 3195 ad

448 3247 679 3312 comicorum
702 3236 846 3319 fabulas
880 3241 960 3313 vim
986 3238 1122 3312 afferre
1157 3243 1333 3339 potuerit.
1387 3243 1436 3315 Ut
1463 3234 1554 3314 vero
1595 3265 1788 3341 personae,
1826 3267 1922 3340 quae
1948 3242 2058 3318 indu·

447 3362 594 3448 cuntur,
615 3366 651 3432 in
677 3353 791 3433 ¹rebus
811 3360 934 3434 vacuis
961 3375 1159 3460 occupatae
1184 3370 1345 3437 maxime
1371 3375 1469 3451 sunt,
1497 3369 1545 3434 ita
1564 3341 1666 3434 chori
1691 3362 1785 3434 ratio
1810 3363 1964 3435 omnino
1989 3387 2056 3463 op-

345 3463 348 3471 ’
444 3479 611 3577 ponitur,
641 3493 704 3578 qui
732 3490 900 3577 quamvis
939 3509 960 3551 a
996 3480 1142 3558 fabulae
1191 3484 1378 3583 principio
1416 3480 1558 3572 iisdem,
1581 3478 1722 3579 quibus
1740 3465 1832 3571 ille,
1865 3482 2056 3559 erroribus

448 3585 656 3696 implicatus
681 3598 863 3689 videatur,
896 3614 1020 3674 tamen
1056 3610 1094 3675 in
1120 3611 1364 3702 perpetuitate
1392 3603 1487 3678 elabi
1523 3601 1660 3692 studet,
1686 3614 1729 3698 ut
1753 3611 1895 3674 sincera
1920 3602 2054 3701 populi

444 3738 531 3803 vox,
550 3722 625 3790 sive
651 3714 803 3792 honesta
827 3720 1015 3821 quaedam
1036 3732 1255 3797 conscientia
1273 3723 1455 3819 audiatur.
1508 3717 1626 3817 Quod
1644 3734 1769 3795 autem
1795 3717 1898 3794 chori
1921 3736 2054 3797 natura

446 3831 494 3905 ad
521 3858 707 3912 summam
733 3845 844 3914 animi
871 3839 1068 3916 elationem
1094 3844 1284 3931 adscendit
1323 3844 1523 3943 habetque,
1553 3863 1630 3944 quo
1650 3839 1883 3917 comoediam
1909 3855 2053 3944 tragoe-

444 3949 523 4027 diae
548 3951 758 4054 conjungat,
784 3961 931 4054 deinde,
960 3979 1097 4063 quanta
1122 3963 1200 4063 ejus
1236 3979 1280 4040 sit
1305 3973 1424 4040 virtus
1461 3961 1667 4062 eademque
1693 3971 1893 4038 necessaria
1920 3972 1959 4038 in
1990 3990 2051 4038 co·

443 4081 554 4147 mico
568 4099 716 4172 genere,
755 4076 803 4151 de
839 4084 1011 4161 omnibus
1047 4084 1103 4160 his
1133 4085 1255 4162 dicere
1280 4112 1358 4161 non
1383 4084 1592 4213 aggredior,
1632 4107 1719 4160 cum
1759 4081 1856 4157 infra
1897 4080 2058 4191 facultas

442 4191 525 4276 data
548 4204 593 4272 sit
615 4197 767 4276 uberius
790 4200 852 4277 illa
877 4206 1102 4306 exponendi.

1029 4493 1467 4510 Μ
