4364 5536
825 418 949 575 ’,-
1002 480 1091 575 112
1142 512 1200 542 -·-

244 684 390 776 causam
404 701 591 776 interdum
610 701 866 777 subobscuri..
892 699 1007 798 Quod
1021 698 1122 774 idem
1135 699 1297 799 scriptor
1316 695 1390 771 alio
1411 697 1509 789 loco,
1534 722 1611 800 quo
1627 698 1697 772 tria
1713 721 1850 800 genera

175 845 185 863 ⁸
244 819 395 895 dicendi
422 838 637 924 exponeret,
678 822 890 925 disputavit,
928 821 1080 894 omuino
1102 819 1174 892 tale
1201 834 1266 909 est,
1303 834 1345 892 ut
1369 819 1502 892 referri
1529 816 1602 892 huc
1623 821 1755 919 possit3
1793 837 1853 898 en
1926 840 1930 851 “

202 1030 204 1035 Ι
246 956 368 1016 autem
390 943 494 1018 locus
520 945 583 1018 ille
610 943 842 1045 hujusmodis
865 946 891 1002 2
942 944 1035 1017 Nam
1059 955 1094 1014 et
1116 938 1368 1042 grandiloqui,
1393 956 1435 1013 ut
1459 943 1507 1014 ita
1523 941 1670 1031 dicam,
1695 939 1852 1017 fuerunt

246 1088 333 1136 cum
357 1065 480 1166 ampla
503 1081 539 1140 et
567 1069 832 1140 sententiarum
857 1065 1045 1164 gravitate,
1077 1078 1112 1136 et
1135 1060 1319 1163 majestate
1347 1063 1565 1153 verborum,
1600 1059 1851 1158 vehementes,

122 1278 125 1282 A
244 1185 351 1275 varii,
378 1189 530 1287 copiosi,
563 1212 693 1286 graves
722 1184 769 1259 ad
795 1181 1067 1285 permovendos
1094 1197 1130 1256 et
1153 1183 1421 1256 convertendos
1456 1184 1596 1255 animos
1623 1184 1793 1259 instructi
1816 1202 1853 1262 ct

163 1331 170 1344 ·
213 1306 377 1406 parati.
429 1304 535 1400 Quae
561 1308 685 1397 omnia
709 1309 739 1380 si
765 1305 1054 1393 consideramus,
1088 1303 1195 1377 facile
1220 1300 1459 1393 adducimur,
1491 1319 1533 1377 ut
1556 1305 1786 1404 singularem
1810 1309 1854 1382 il·
1903 1296 1908 1304 ⁸

248 1426 318 1499 lius
341 1429 463 1501 aetatis
481 1429 685 1502 orationem
701 1428 882 1517 dicamus,
900 1452 1008 1526 quae,
1023 1423 1343 1525 quemadmodum
1357 1427 1395 1497 in
1406 1422 1603 1530 Aeschylo,
1624 1424 1861 1527 Thucydide,-

153 1550 159 1585 ”
247 1544 401 1646 aliisque
423 1552 672 1648 cognoscitur,
691 1548 948 1651 amplitudine,
971 1548 1091 1647 copia,
1112 1548 1300 1646 gravitate,
1320 1559 1455 1619 ornatu
1481 1545 1699 1642 excelleret,
1720 1551 1759 1622 in
1779 1577 1857 1652 qua
1890 1564 1892 1569 ’

247 1667 302 1738 vis
321 1669 478 1740 maxima
499 1685 603 1761 esset,
626 1661 668 1742 ut
686 1685 845 1743 tractare
867 1672 1008 1744 animos
1030 1669 1208 1768 omnique
1233 1665 1346 1738 modo
1368 1679 1588 1766 permovere
1611 1669 1761 1770 posset)
1788 1674 1852 1747 Se-

248 1788 313 1885 qui
336 1789 435 1861 euim
456 1805 626 1865 naturam
645 1791 787 1880 maluit,
808 1816 921 1891 quam
942 1790 993 1863 ad
1011 1805 1127 1864 artem
1148 1779 1435 1890 accommodari,
1457 1801 1499 1860 ut
1521 1813 1598 1860 non
1617 1791 1756 1862 mirum
1773 1786 1851 1867 esse

247 1906 432 2002 videatur,
458 1912 563 2014 quod
582 1910 718 2011 figuris¹
731 1925 842 2010 atque
867 1910 1069 1986 luminibus
1095 1909 1243 1985 dicendi
1268 1908 1485 2008 frequentor
1502 1912 1568 1981 usa
1584 1911 1645 2000 sit,
1671 1936 1759 1986 cum
1777 1938 1854 1986 non

248 2028 488 2106 admittantur
514 2049 576 2107 aut
601 2059 686 2106 raro
713 2031 961 2106 adhibeantur
980 2062 1042 2108 eae
1066 2033 1240 2106 orationis
1267 2043 1403 2129 partes,
1431 2054 1634 2128 quaecum
1660 2045 1738 2104 arte
1759 2059 1854 2134 qua·

248 2149 335 2225 dam
363 2157 534 2256 usurpari
560 2154 733 2252 soleant!
765 2153 864 2225 llaec
892 2167 1015 2226 autem
1039 2156 1171 2244 oratio,
1212 2151 1330 2253 qualis
1358 2148 1637 2266 descriptaest,
1669 2148 1854 2253 quantum

247 2272 294 2342 in'
311 2276 460 2346 comicis
485 2266 602 2375 poetis
623 2291 808 2375 appareat,
831 2272 906 2373 jam
930 2277 1000 2347 erit
1024 2271 1242 2361 dicendum,
1266 2275 1295 2346 si
1314 2272 1418 2370 prius
1446 2258 1637 2359 monuere,
1656 2271 1852 2370 quomodo

247 2389 321 2488 jam
346 2408 426 2466 tum
448 2395 539 2470 adeo
572 2396 690 2467 excoli
727 2393 901 2496 potuerit.
954 2390 1119 2465 Omnino
1154 2404 1275 2461 autem
1307 2390 1465 2464 tenenda
1495 2407 1548 2466 cst
1578 2395 1671 2466 ratio
1688 2418 1851 2485 eorum,

95 2546 105 2555 ·
219 2515 311 2613 -qui
339 2515 490 2591 Homeri
517 2514 680 2587 carmina
707 2514 944 2614 aliorumque
970 2526 1165 2612 poetarum
1191 2512 1342 2612 publice
1367 2513 1617 2603 decantarent,
1659 2528 1722 2587 aut
1744 2517 1864 2596 etiam

246 2637 372 2733 pueris*
403 2632 602 2708 ediscenda
629 2632 832 2722 traderent,
869 2648 911 2706 ut
938 2637 1106 2707 omnium
1130 2633 1315 2732 judicium
1341 2634 1535 2708 informari
1561 2647 1693 2736 posset.
1742 2632 1852 2708 Adde

249 2757 362 2854 ipsius
387 2757 569 2828 sermonis
587 2769 769 2841 naturam,
796 2753 1047 2852 reipublicae
1066 2770 1213 2847 statum,
1235 2781 1384 2829 omnem
1410 2754 1560 2829 vivendi
1584 2779 1741 2845 morem,
1755 2754 1850 2829 'alias

248 2903 323 2948 rcs:
379 2902 455 2947 non
492 2871 646 2947 difficile
674 2876 745 2945 erit
774 2872 821 2945 ad
855 2872 1133 2971 explicandum,
1157 2871 1232 2972 jam
1252 2876 1509 2948 Democritum
1533 2890 1661 2965 ornate
1687 2875 1852 2951 hanutum

250 3022 326 3068 esse
348 2996 375 3052 3·
413 3009 449 3066 et
477 2993 686 3065 clarissimis
714 2991 919 3063 verborum
952 2990 1156 3066 luminibus
1186 3021 1308 3085 usum,
1330 2994 1357 3050 ⁴·
1414 2992 1683 3096 Empedoclem
1709 2998 1851 3096 poetica

164 3118 167 3125 ’
250 3116 436 3188 locutione
462 3113 611 3187 laudem
637 3112 817 3186 habuisse.
877 3109 952 3185 Sed
979 3109 1028 3183 ad
1058 3113 1221 3187 instituta
1247 3131 1453 3217 pergamus.
1505 3116 1589 3189 Erit
1615 3130 1737 3193 autem
1766 3143 1852 3219 pro·

249 3239 370 3339 posito
396 3239 636 3336 aptissimum,
661 3236 692 3309 si
719 3261 787 3309 uos
807 3233 1018 3321 ,referamus
1041 3232 1090 3307 ad
1114 3261 1188 3326 cos,
1217 3237 1296 3336 qui‘
1314 3235 1519 3310 clarissimi
1534 3239 1667 3312 meritc
1693 3236 1852 3314 habean-

248 3374 325 3449 tur,
350 3360 491 3458 antiqui
520 3359 665 3457 gcueris
691 3371 830 3457 poetas,
864 3372 905 3429 ut
933 3355 1079 3426 initium
1105 3349 1167 3426 fiat
1190 3382 1210 3427 a
1235 3353 1376 3430 Cratini
1399 3355 1572 3429 dictione.
1625 3349 1861 3461 Quicquaae

139 3574 145 3586 Ι
249 3480 295 3553 lis
321 3479 447 3570 suerit,
480 3495 578 3552 recte
602 3477 785 3577 judicasse
806 3475 993 3564 videmur,
1018 3476 1047 3547 si
1071 3460 1282 3547 admirabili
1309 3474 1477 3548 ubertate
1501 3493 1539 3552 et
1563 3479 1851 3583 locupletissima

248 3602 354 3702 copia
380 3599 492 3670 fuisse
518 3597 736 3689 dixerimus,
771 3600 831 3671 cui
859 3597 1155 3703 immiscereutur
1180 3591 1329 3668 dicendi
1357 3596 1509 3691 lumina,
1544 3618 1586 3677 ut
1609 3604 1719 3677 etiam
1736 3605 1853 3706 trogi.

249 3744 380 3792 corum
409 3735 445 3792 et
470 3719 678 3819 lyricorum
701 3721 835 3819 spiritu
858 3705 950 3793 ferri
976 3715 1098 3788 vellet.
1144 3712 1267 3808 ‘Quod
1293 3716 1450 3818 quidem
1476 3721 1634 3822 intelligi
1667 3718 1780 3797 debet
1805 3751 1851 3798 ex

138 3856 141 3863 ’
248 3839 434 3937 Anonymi
456 3839 594 3930 verbis,
621 3863 718 3938 quae
740 3839 779 3910 in
802 3837 902 3913 hunc
920 3837 1080 3915 modum¹
1092 3837 1300 3937 conscripta
1318 3851 1419 3913 sunt:
1446 3849 1547 3924 πολύς
1572 3851 1608 3913 ts
1626 3847 1682 3914 xci
1699 3853 1759 3934 τῆς
1779 3875 1855 3939 τρο-

250 3961 312 4040 πῆς
336 3953 493 4039 τυγχάνει,
512 3961 537 4017 5.
558 3968 592 4034 et
615 3958 709 4018 olibi:
730 3957 837 4039 γέγονε
861 3959 896 4022 δὲ
916 3954 1175 4042 ποιητνκαὶτατος,
1198 3953 1447 4036 κατασκευάζων
1466 3960 1512 4034 εἷς
1533 3961 1589 4034 τὸν
1603 3957 1775 4044 Αἰσχύλου
1793 3987 1856 4046 χα-

250 4071 462 4161 ρακτῆραβ,
494 4046 613 4157 Quid'
630 4078 751 4137 autem
780 4061 851 4138 sibi
875 4062 1039 4135 voluerit
1071 4064 1234 4165 scriptor
1263 4065 1326 4138 ille
1352 4065 1534 4168 quodque
1560 4065 1711 4143 dicendi
1737 4091 1856 4172 genua

249 4179 522 4282 significaverit,
557 4207 634 4255 non
661 4197 727 4275 est,
753 4181 859 4287 quod
884 4179 1112 4292 haereamus,
1138 4210 1223 4260 cum
1247 4188 1452 4264 verborum
1477 4213 1605 4264 seusus
1632 4205 1782 4291 apertus
1807 4194 1858 4267 tit
1874 4226 1912 4264 ι-

331 4467 816 4537 connumerarunt.
931 4470 959 4532 ³.
978 4471 1028 4535 De
1050 4472 1140 4535 Orat.
1159 4472 1230 4536 12.
1353 4471 1383 4536 4.
1402 4473 1492 4540 Orat.
1513 4473 1586 4536 XX.
1710 4473 1739 4542 5.
1761 4475 1857 4560 Apud
1920 4425 1924 4429 ‘

445 4568 591 4634 Diudorl.
615 4591 685 4655 pag·
703 4571 782 4636 Vltt.
864 4571 892 4633 ὓ.
912 4572 991 4666 ibid.
1009 4596 1079 4660 pag.
1102 4576 1156 4637 lX.
1593 4623 1596 4629 ·
