4364 5536
630 479 1220 588 '-'171-*·

10 768 11 772 ,
42 776 48 783 .
106 725 217 812 utque
240 699 584 814 etiamdiserepans
605 696 807 786 abundem
829 727 1008 789 censeant
1034 710 1109 787 Sed
1134 709 1336 809 videamus,
1364 710 1458 812 quid
1473 736 1557 793 ,nos
1571 714 1639 814 ipsi
1653 714 1717 789 in.

104 846 204 916 tanta
223 835 423 916 sententiae
442 829 654 910 diversitate
673 832 894 933 judicemus,
915 822 1016 908 omni
1035 863 1077 909 re
1097 822 1334 909 considerata.
1369 832 1563 912 Inruemur
1581 849 1702 910 autem

87 955 145 1026 'in
162 951 392 1028 ,Menedemo
417 983 554 1048 senem,
581 957 651 1056 qui,
670 954 801 1027 canitie
825 955 1048 1067 conspicuus
1072 969 1127 1029 est
1148 969 1260 1055 atque
1278 955 1445 1028 tristitiae
1464 956 1629 1053 speciem
1641 953 1703 1028 lra-

48 1144 51 1148 „
104 1075 181 1165 bet,
220 1075 286 1148 sed
311 1079 501 1179 ingenium
525 1075 721 1178 ejusmodi,
761 1072 867 1174 quod
890 1074 939 1147 ad
965 1100 1115 1148 omnem
1140 1073 1205 1147 lilii
1232 1076 1406 1174 pietatem
1439 1072 1702 1165 accedat,·cui
1828 1064 1831 1068 ‚

105 1199 336 1271 carissimum
356 1224 396 1270 se
418 1225 494 1270 esse
514 1213 650 1298 speret,
676 1223 864 1298 quemque
879 1199 957 1270 'vita
976 1198 1160 1295 potiorem
1180 1192 1321 1267 habeat
1372 1190 1481 1266 Unde
1501 1191 1555 1286 fit,
1581 1208 1705 1296 utpa-

105 1333 162 1392 ter
185 1317 280 1391 nihil
305 1320 493 1419 suscipere
518 1320 620 1409 velit,
639 1321 717 1392 'nisi
743 1315 848 1420 quod
871 1313 920 1387 ad
939 1314 1044 1387 illam
1068 1314 1298 1389 allectionem
1324 1316 1436 1397 animi
1462 1315 1597 1389 referri
1622 1341 1707 1416 poss

105 1440 164 1528 sit,
198 1454 401 1539 quactum
427 1467 579 1541 quoque
609 1442 823 1526 retineatur,
859 1461 946 1508 cum
974 1449 1207 1532 compertum
1229 1427 1352 1525 habet,
1385 1432 1507 1510 filium
1530 1435 1708 1537 ad‘volu-
1801 1488 1804 1494 ,

56 1654 60 1663 Ι
106 1575 222 1660 ptates
247 1563 529 1660 propensiorem
551 1585 638 1638 esse.
689 1559 857 1659 Apparet
881 1555 1034 1657 quidem
1053 1557 1245 1630 morositas
1265 1556 1460 1656 quaedam,
1485 1556 1554 1631 sed
1577 1585 1619 1631 ea
1637 1572 1720 1650 est,-

107 1706 201 1780 quae
236 1683 274 1752 in
309 1679 527 1782 objiciendis
559 1683 777 1756 criminibus
808 1693 982 1752 cernatur
1001 1704 1143 1780 neque
1168 1669 1291 1753 ullum
1326 1670 1403 1751 ‹idii
1432 1675 1613 1754 indicium
1645 1676 1719 1754 lra-¹
1771 1683 1773 1686 ’

109 1802 276 1875 beat152·

352 1924 417 1985 Ubi
460 1925 544 1985 enirn
584 1924 713 2002 rescivi,
754 1923 844 2004 coepi
885 1943 948 1985 nou
990 1921 1186 1999 humanitus,
1307 1921 1309 1926 ’

351 2027 458 2109 Neque
500 2035 538 2087 ut
578 2026 717 2085 animum
758 2023 867 2084 decuit
907 2030 1070 2104 aegrotum
1111 2012 1355 2100 adolescentuli,

240 2171 244 2178 -
354 2129 527 2199 Tractare3
569 2129 623 2190 sed
666 2130 696 2202 vi
738 2138 771 2191 et
813 2127 862 2187 via
904 2126 1085 2208 pervolgata
1127 2132 1263 2205 patrum.
1330 2107 1336 2118 ¹

352 2231 502 2310 Quotidie
545 2231 739 2299 accusabam.

112 2345 144 2394 et
165 2335 296 2395 deinde:
538 2333 628 2410 hem,
668 2327 768 2396 tibine
810 2335 889 2396 baec
931 2333 1049 2397 diutins
1166 2414 1171 2419 ⁵

352 2432 465 2504 Licere
505 2453 610 2511 sperus
651 2435 753 2492 facere
795 2455 845 2492 me
887 2436 961 2490 vivo
1002 2438 1113 2510 patret

113 2559 162 2632 At
186 2556 327 2655 juvenis
354 2571 389 2628 et
419 2556 727 2629 animadversioni
762 2566 798 2626 et
830 2554 1072 2650 castigationi,
1113 2579 1209 2655 quae
1234 2557 1334 2628 omni
1361 2557 1584 2631 contumelia
1609 2572 1714 2631 vacat
1781 2592 1786 2596 ·
1814 2613 1819 2619 -

116 2678 163 2751 ad
187 2678 340 2778 ejusque
362 2677 557 2750 utilitatem
580 2679 731 2748 omnino
752 2672 1026 2748 accommodata
1050 2672 1115 2762 est,
1142 2672 1294 2747 audiens
1315 2699 1391 2750 esse
1414 2702 1489 2751 non
1514 2679 1608 2770 vult,
1629 2704 1713 2756 cum
1743 2721 1760 2752 ς

115 2797 258 2897 probra
278 2823 317 2869 se
339 2795 491 2894 indigna
515 2807 632 2893 putet,
659 2807 841 2894 paratque
867 2796 1003 2896 lugam.
1023 2800 1032 2815 '
1056 2793 1143 2887 Quo
1169 2792 1266 2866 facto
1290 2810 1395 2893 pater
1416 2799 1552 2872 sentire
1576 2800 1711 2898 coepit,

115 2933 298 3018 quantum
325 2917 486 2990 amiserit
512 2928 547 2986 et
572 2940 685 3014 quam
711 2901 830 3016 durus
856 2917 970 2990 fuerit
996 2918 1035 2988 in
1060 2913 1193 3006 lilium,
1221 2942 1337 3016 quem
1363 2943 1498 3018 parum
1521 2915 1615 3018 juste
1640 2933 1715 2993 tra·

117 3041 235 3126 ctarit,
259 3053 394 3109 utnon
415 3050 586 3109 vereatur
604 3061 641 3108 se
653 3037 787 3136 ipsum
808 3062 992 3126 accusare,
1015 3051 1192 3138 tanquam
1211 3050 1400 3145 auctorem
1417 3037 1614 3132 malorum,
1632 3041 1715 3141 qui·

117 3145 187 3232 bus
213 3155 310 3232 lilius
332 3161 583 3263 opprimatur:
600 3157 644 3214 ⁵3·

361 3300 461 3382 Saepe
504 3299 612 3362 eadem
655 3308 687 3360 et
729 3297 868 3381 graviter
907 3296 1064 3357 audiendo
1084 3297 1204 3358 victus
1246 3309 1302 3361 est.
1332 3296 1339 3305 ”

195 3469 198 3476 ,
240 3421 245 3430 “
360 3405 403 3465 Et
442 3415 544 3466 aetate
567 3404 711 3487 ‘putavit
752 3424 817 3478 me,
858 3409 891 3461 et
929 3400 1151 3461 benevolentia

228 3565 236 3576 ,
271 3581 276 3589 .
362 3507 438 3568 Plus
478 3495 556 3569 scire
598 3517 631 3568 et
671 3504 858 3589 providere,
896 3508 992 3585 quam
1033 3522 1065 3561 ae
1105 3502 1208 3582 ipsum
1251 3502 1320 3563 uti.

361 3614 397 3673 lu
436 3611 541 3674 Asiam
581 3609 622 3671 ad
663 3631 769 3692 regem
807 3606 991 3668 militatum.
1019 3602 1113 3679 abiit,
1155 3603 1299 3667 Chreme.

533 3714 661 3795 gnatum
702 3710 847 3784 unicum,
928 3744 933 3752 ·

363 3819 467 3894 Quem
509 3817 629 3898 pariter
669 3814 717 3874 uti
758 3813 805 3872 his
847 3810 969 3886 decuit,
1009 3818 1065 3870 aut
1107 3808 1201 3889 etiam
1226 3811 1389 3894 ¹amplius,

365 3919 460 3996 Quod
498 3919 553 3980 illa
591 3927 676 3980 uetus
718 3915 815 3997 magis
840 3914 896 3975 ,nd
935 3913 1014 3975 haec
1055 3912 1173 3973 utenda
1211 3912 1323 3975 idonea
1366 3924 1426 3990 ert,

363 4021 447 4084 Eum
488 4044 544 4105 ego
584 4022 658 4084 hine
700 4019 779 4104 ejeci
820 4016 968 4077 miserum
1010 4012 1163 4097 injustitia
1206 4037 1285 4077 mea.
1328 4008 1341 4039 “’

87 4261 89 4266 s
124 4176 247 4270 Quam
272 4174 397 4275 gravia
415 4187 501 4247 sunt
527 4173 671 4245 omnia!
709 4170 831 4272 gravis
856 4180 910 4245 cst
925 4165 1041 4237 animi
1063 4162 1287 4262 eloquentia,
1313 4180 1397 4266 apta
1416 4166 1613 4239 moerentis
1638 4188 1719 4240 οη.
1739 4153 1749 4249 ἰ

122 4299 186 4389 tio,
207 4295 382 4398 pulcrum
399 4295 485 4395 justi
511 4291 709 4396 ingenium.
760 4287 853 4363 Inde
878 4283 1216 4387 propositumaeni
1244 4297 1310 4376 est,
1340 4283 1387 4361 ab
1411 4278 1512 4358 omni
1538 4287 1633 4361 vitae
1655 4311 1720 4358 vo·

213 4583 259 4643 ⁵2.
274 4579 443 4671 Heautont.
457 4578 480 4640 1.
503 4576 529 4637 1.
551 4596 580 4636 v.
591 4568 642 4637 47.
654 4593 737 4657 seqq.
828 4573 874 4633 5³.
894 4567 1154 4738 Heaumn3;.*l.
1177 4588 1205 4628 v.
1218 4561 1269 4628 61.
1282 4587 1366 4650 seqq.
1390 4568 1466 4636 etl.
1487 4568 1513 4629 1.
1536 4589 1563 4626 r.
1576 4564 1625 4629 79.
1640 4588 1723 4650 seqq.
