4364 5536
938 499 1138 596 ’.ιιι
1189 418 1258 565 -ἷ
1346 632 1350 637 V

288 711 444 807 vellent,
456 713 599 794 civibus
616 716 858 822 significaret
876 716 959 821 Ipse
976 742 1064 794 cum
1081 718 1120 793 in
1137 729 1291 819 portum
1304 715 1477 797 Piraeum
1496 713 1639 795 delatio
1655 714 1899 809 essetswa
1966 738 1975 752 ·

292 861 489 938 perpessus
509 852 574 929 est,
595 866 689 941 quae
709 842 874 917 animum
890 863 1097 940 paucorum
1115 852 1151 912 et
1166 836 1353 919 infensum
1372 853 1415 920 et
1411 826 1620 919 crudelem
1635 839 1902 940 exprimerent,

295 981 384 1035 cum
399 959 573 1034 nonnulli
598 963 787 1038 sociorum
812 976 875 1037 aut
896 960 995 1062 capti
1018 970 1150 1048 essent,
1176 971 1239 1032 aut
1258 959 1369 1035 etiam
1388 960 1427 1034 in
1446 961 1534 1037 alias
1553 987 1664 1036 naves
1676 959 1903 1054 transvecti,

295 1092 407 1181 atque
425 1081 502 1181 ipse
528 1080 691 1169 reditum
715 1110 850 1184 parare
873 1095 1090 1183 cogeretur.
1131 1076 1206 1154 Sed
1223 1103 1392 1159 reversus
1410 1081 1576 1157 Samum
1572 1083 1676 1171 nihil
1693 1068 1900 1173 omittebat,

294 1227 370 1302 quo
399 1201 588 1281 tradendis
615 1205 679 1295 eis,
707 1230 814 1304 quae
831 1218 1006 1306 expertus
1034 1215 1138 1292 esset,
1171 1201 1312 1273 animos
1339 1199 1569 1294 incenderet,
1596 1219 1638 1278 ut
1662 1205 1811 1294 milites,
1813 1198 1903 1279 ad·
1931 1292 1938 1299 ι

292 1319 428 1421 junctis
451 1323 548 1399 Sami
576 1323 721 1415 incolis,
745 1339 978 1400 sacramento
1005 1321 1259 1422 adigerentur,
1282 1346 1322 1394 se
1346 1319 1480 1396 fulcire
1504 1323 1602 1399 velle
1622 1324 1902 1428 popularetur·

292 1442 453 1542 perium,
490 1443 779 1546 quadringentos
804 1469 895 1520 vero
918 1469 990 1548 pro
1022 1444 1189 1518 hostibus
1220 1440 1358 1517 babere
1388 1442 1557 1547 nihilque
1581 1445 1790 1536 admittere,
1825 1468 1903 1547 quo

169 1594 170 1597 ¹
293 1561 420 1641 redire
447 1566 485 1638 in
515 1568 671 1666 gratiam
700 1581 859 1670 possent.
911 1566 1010 1641 Cum
1032 1581 1131 1642 tanta
1159 1579 1251 1641 esset
1275 1564 1466 1659 dissensio,
1502 1566 1671 1669 nihilque
1695 1563 1904 1668 prodesset,

294 1683 399 1786 quod
416 1685 628 1763 Alcibiades
660 1687 709 1762 ad
734 1687 1022 1791 permulcendos
1050 1688 1192 1763 animos
1218 1700 1403 1780 tentasset,
1440 1687 1556 1765 iacile'
1575 1685 1656 1762 fieri
1684 1686 1835 1789 potuit,
1861 1699 1905 1761 ut

293 1808 477 1900 virorum,
517 1834 612 1911 quos
643 1834 752 1910 saepe
784 1808 957 1902 dicimus,
997 1809 1163 1912 potentia
1196 1807 1495 1902 labefactaretur,
1535 1834 1661 1911 neque
1694 1818 1903 1909 superesset

294 1926 517 2030 quidquam,
543 1933 815 2034 quosustineri
841 1945 977 2033 posset,
1007 1958 1093 2007 cum
1120 1933 1338 2033 praesertim
1358 1927 1605 2011 Theramenes
1633 1941 1669 2002 et
1690 1926 1897 2021 Arisbas·

194 2080 197 2085 ·
294 2062 348 2126 tes
371 2049 524 2124 alteram
541 2049 775 2152 eandemque
797 2054 1021 2154 validiorem
1038 2069 1183 2158 partem
1198 2054 1303 2155 sequi
1318 2052 1548 2153 incepissent.
1566 2052 1612 2113 ¹¹·
1632 2049 1739 2145 Quas.
1756 2049 1900 2139 Therae

294 2193 418 2260 menes
445 2172 627 2247 orationes
651 2169 782 2248 babuit
805 2189 841 2248 ct
864 2176 1032 2267 victoria,
1061 2201 1175 2277 quam
1186 2172 1566 2255 Lacedaemoniorum
1590 2171 1712 2255 clasis
1735 2184 1905 2273 mpori&

294 2290 359 2380 rit,
383 2290 566 2384 fecerunt,
592 2307 634 2371 ut
656 2294 871 2395 magistratu
895 2321 936 2369 se
958 2293 1180 2368 abdicarent
1205 2294 1470 2395 quadringenti
1483 2295 1528 2354 ¹2·
1552 2314 1792 2397 'omnemque
1810 2289 1906 2388 risi·

295 2412 377 2485 tatis
400 2408 756 2489 administrationem
785 2429 851 2490 aut
880 2415 1049 2516 quinque
1073 2412 1239 2490 millibus
1265 2415 1468 2508 traderent,
1508 2426 1573 2491 ant
1594 2413 1684 2505 eis,
1702 2411 1770 2515 ‘1¹¹¹
1789 2408 1906 2513 plens

213 2624 218 2629 ,
294 2558 399 2609 arma
419 2558 555 2634 parare
578 2550 739 2635 possent.
754 2536 802 2600 ¹¹·
849 2531 954 2629 Quid
977 2547 1100 2609 autem
1124 2532 1330 2614 dicendum
1352 2551 1418 2627 est,
1443 2560 1531 2613 eum
1552 2533 1646 2612 belli
1663 2532 1904 2635 Peloponue-

294 2654 381 2728 siaci
408 2647 492 2729 finis
521 2653 704 2731 adductus
731 2667 837 2745 esset,
863 2677 940 2754 quo
964 2666 1054 2753 post
1076 2653 1210 2729 multas
1234 2654 1407 2737 fortunae
1431 2637 1718 2748 vicissitudines
1728 2654 1904 2745 omnibus

296 2772 402 2851 malis
423 2776 549 2851 civitas
568 2774 812 2851 obrueretur:
832 2775 991 2848 amissus
1011 2788 1091 2850 erat
1109 2776 1391 2909 principatus,
1371 2777 1522 2852 amissae
1522 2772 1905 2891 possessiones,clas·

295 2918 367 2984 ses,
387 2894 529 2994 copiae,
556 2911 682 2995 erepta
701 2897 853 2971 omnino
878 2894 1045 2984 libertas,
1070 2894 1247 2993 quoniam
1267 2870 1441 2972 exhausta
1461 2898 1569 2991 urbs,
1590 2923 1705 3000 quae
1694 2895 1804 2971 olim
1822 2896 1904 2985 uni·

193 3078 211 3100 ,
295 3039 424 3090 versae
450 3013 629 3090 Graeciae
649 3016 728 3092 dux
745 3018 885 3106 firisset,
922 3016 971 3093 ad
1001 3029 1136 3091 nutum
1164 3013 1347 3114 superbae
1372 3014 1544 3098 dominae
1566 3045 1623 3097 se
1629 3014 1904 3156 applicaret14·

296 3130 542 3211 Constituitur
561 3140 662 3212 enim
687 3164 784 3213 nova
810 3140 965 3215 civitatis
989 3135 1176 3239 regendae
1202 3139 1310 3229 ratio,
1337 3133 1563 3237 deleguntur
1583 3139 1745 3240 triginta
1758 3139 1834 3225 virs
1857 3134 1906 3213 ad

296 3254 394 3356 leges
418 3256 656 3353 ordinandos,
694 3261 808 3336 malas
840 3258 1087 3362 abrogandas,-
1123 3283 1251 3348 novas,
1286 3280 1381 3357 quae
1414 3260 1642 3335 necessariae
1668 3258 1904 3353 riderentur,

297 3377 482 3455 serendas.
498 3382 544 3443 ¹⁵·
592 3380 668 3458 Sed
687 3407 775 3479 cum
793 3380 843 3456 ad
862 3408 942 3455 rem
959 3380 1152 3482 publicam
1167 3362 1413 3471 accessissent,
1433 3379 1530 3456 nibil
1548 3380 1907 3473 omnnoteeerunt,

228 3484 229 3488 Ἰ
299 3500 405 3602 quod
430 3504 469 3577 in
495 3500 620 3576 officio
646 3515 757 3593 esset3
783 3499 963 3575 differunt
985 3502 1144 3601 negotia,
1165 3513 1351 3602 occupant
1373 3523 1501 3578 omnes
1521 3504 1908 3609 magistrabts,.impe·

296 3623 478 3726 tratisque
503 3620 675 3723 corporis
700 3619 953 3720 stipatoribus,
987 3645 1064 3695 non
1098 3618 1213 3695 modo
1241 3618 1357 3696 malos
1388 3623 1487 3708 cives
1503 3618 1936 3733 supplicioafficiunt,

297 3743 565 3817 verumetiam
599 3740 719 3818 bonos
733 3815 737 3822 ,
753 3741 1147 3843 innocentissimoeque
1179 3738 1326 3849 direpta
1349 3743 1603 3823 refamiliari.
1618 3747 1666 3811 ¹⁶·
1712 3745 1908 3843 Neo-vero

299 3863 385 3938 satis
406 3877 475 3940 est:
507 3889 552 3938 eo
574 3860 820 3953 immanitatis,
844 3887 919 3964 qua
941 3861 1037 3965 quid
1059 3863 1179 3965 possit
1203 3884 1279 3944 asse
1304 3858 1571 3959 detestabilius,
1594 3864 1908 3968 progrediuntur,

297 3999 352 4076 ut,
385 4008 474 4059 cum
497 3985 653 4059 civitatis
678 3982 869 4087 principes
901 3982 1047 4061 exsules
1070 4008 1148 4059 esse
1172 3981 1375 4083 jussissent,
1406 3999 1470 4062 aut
1494 3987 1614 4082 odio,
1633 4001 1712 4087 aut
1718 3988 1908 4082 aviditate,
1979 3988 1982 3993 ’

301 4107 410 4181 etiam
436 4103 662 4181 interdicant
685 4106 925 4209 propinquis,
956 4132 1005 4181 ne
1026 4130 1113 4182 suos
1138 4107 1319 4208 sepeliant
1347 4130 1556 4212 eorumque
1586 4076 1785 4189 lunaribus
1809 4107 1912 4226 justo
1964 4154 1967 4161 ·

197 4274 200 4279 >
296 4228 452 4304 solvant
467 4228 512 4293 ¹⁷·
537 4223 825 4355 Communium
822 4254 952 4305 rerum
966 4255 1080 4332 quam
1093 4253 1223 4331 graves
1243 4233 1369 4307 casus!
1392 4228 1624 4311 Lacererunt
1644 4257 1747 4309 omm
1736 4215 1911 4310 scelere

390 4516 433 4574 ιι.
451 4511 501 4577 ιι.
517 4511 598 4574 vm
616 4508 668 4576 ιι.
686 4507 737 4579 oa
837 4511 882 4572 ιι.
903 4510 1052 4596 rsusye
1071 4512 1149 4578 vni.
1171 4487 1224 4576 os.
1243 4506 1296 4578 so.
1394 4514 1439 4574 ιι.
1459 4512 1503 4577 ιι
1528 4514 1604 4580 vu.
1621 4513 1685 4588 ιι·
1772 4514 1820 4580 ιι.
1841 4514 1913 4579 xe.

498 4612 821 4698 „sparsissem
839 4615 921 4681 ur.
937 4614 967 4680 s.
1040 4612 1099 4684 ἰι.
1120 4612 1166 4683 ιι
1179 4615 1212 4678 ιι
1223 4613 1256 4680 s.
1344 4617 1389 4680 ιι.
1405 4617 1552 4704 xempu
1571 4620 1632 4693 ie
1720 4617 1821 4683 ιιιι
1845 4618 1913 4682 ιι.
