4364 5536
838 427 1360 582 ‘'-744‘

319 704 520 783 multum
538 703 698 779 abfuit
717 706 835 807 quin
859 708 1111 790 amitteret.
1162 705 1228 779 De
1249 730 1337 805 qua
1359 728 1407 777 re
1426 702 1657 781 disertum
1678 723 1746 784 est
1771 708 1925 810 ipsius

308 825 640 903 'testimonium
665 827 712 901 in
735 824 1124 903 Acharnensibus
1154 853 1188 902 v.
1216 835 1299 904 355.
1327 827 1427 925 (377.
1456 811 1607 926 Kust.)
1706 903 1711 909 ,

684 962 782 1042 αι’τός
821 963 1017 1049 τ’ἒμαοτὸν,
1057 962 1120 1031 tat
1162 959 1314 1062 Κλεώνος
1355 966 1378 1030 ἃ
1419 967 1542 1050 ’autom

560 1088 564 1093 '
634 1070 637 1079 ’
683 1067 858 1152 ἐπίσταμαι
899 1069 955 1136 διὰ
994 1067 1053 1154 viv
1093 1070 1212 1154 πέρυσι
1253 1067 1442 1156 κωμῳδιλιν.
1479 1101 1487 1115 ·

684 1170 874 1250 εἰσελκύσας
913 1167 975 1257 γάρ
1016 1170 1051 1252 μ’
1092 1172 1138 1245 εἰς
1178 1165 1215 1235 τό
1257 1170 1488 1258 βουλευτήριον

684 1280 833 1360 διέβαλλε
874 1277 929 1341 καί
969 1277 1076 1364 ψευδῆ
1117 1270 1344 1356 κατεγλώττιζέ
1384 1279 1451 1357 pori

682 1375 910 1464 κάκυκλοβόρει
952 1373 1116 1456 κᾶπλυνεν,
1159 1374 1236 1442 ὥστ’
1276 1376 1383 1462 ὀλίγον
1426 1375 1510 1445 πάνυ

681 1476 857 1565 ἀπωλόμην
896 1477 1284 1565 μολυνοπραγμσόμενος·

318 1614 504 1712 Quibus
535 1616 575 1690 si
604 1606 835 1686 'adhibeas
871 1632 1033 1683 versus
1062 1611 1148 1686 476
1174 1654 1221 1666 -
1246 1602 1367 1704 48οζ,
1410 1611 1538 1713 quod
1579 1629 1718 1718 caput
1756 1639 1925 1694 causae

315 1735 493 1831 fuerit,
532 1756 811 1837 cognosces:
1017 1719 1019 1724 ¹
1156 1801 1162 1811 ,
1769 1716 1773 1723 ’

680 1871 741 1958 lyei
781 1875 817 1938 δὲ
855 1874 934 1949 λε’ξω
959 1863 1066 1950 ιδεινοὶ
1105 1869 1175 1948 μὲν,
1219 1863 1326 1932 δι’καια
1368 1870 1422 1934 δέ·

682 1978 722 2042 od
761 1973 823 2062 γάρ
865 2000 907 2057 με
948 1977 1006 2038 νῦν
1043 1995 1079 2055 γε
1120 1972 1287 2053 διαβαλεῖ.
1306 1973 1438 2053 Κλέων,
1480 1968 1530 2038 ὅτι

681 2082 779 2159 ξένων
819 2070 987 2159 παρόντων
1027 2071 1085 2157 τήν
1126 2071 1219 2138 πόλιν
1261 2079 1365 2150 κακῶς
1404 2077 1504 2156 λέγω.

681 2181 776 2248 αὐτοὶ
815 2176 877 2264 γάρ
919 2177 1016 2257 ἐσμεν
1057 2174 1133 2239 otini
1172 2175 1307 2262 Ληναίῳ
1348 2176 1472 2260 τίἰγών,

543 2310 553 2321 “
674 2277 791 2351 ’κοῦπω
832 2283 916 2358 ξένοι
959 2273 1130 2360 πάρεισιν.

315 2416 443 2516 Pergit
476 2411 613 2486 deinde
644 2427 754 2513 poeta
785 2412 825 2484 in
850 2407 1153 2484 Acharnensibus
1180 2404 1360 2508 Cleonem
1391 2434 1557 2510 carpere,
1570 2412 1615 2470 ⁵³·
1650 2411 1718 2487 sed
1740 2417 1930 2514 proximo*

285 2578 290 2585 ·
314 2560 412 2611 anno
436 2559 505 2609 suo
533 2532 829 2632 ipsius'nomine
853 2528 1040 2627 bominem
1063 2528 1333 2629 nequissimum
1364 2528 1414 2600 ita
1440 2530 1669 2631 aggreditur,
1705 2538 1813 2635 quasi
1835 2539 1920 2638 ipse

314 2657 494 2733 Hercules
519 2667 624 2744 esset,
649 2649 761 2751 quod-
778 2647 826 2722 de
850 2673 889 2722 se
915 2650 954 2721 in
974 2647 1106 2747 Vespis
1133 2647 1339 2748 praedicat:
1354 2641 1401 2708 ⁵4·

476 2796 549 2860 οὐδ’
582 2789 635 2857 ὅτε
669 2781 799 2872 πρῶτόν
828 2787 856 2867 γ’
888 2777 965 2866 ἦρξε
1000 2781 1175 2863 διδάσκειν,
1215 2782 1401 2870 ἀνθρώποις
1434 2783 1520 2871 φήσ’
1549 2791 1732 2877 ἐπιθέσθαι,
1764 2782 1769 2794 ’
1805 2800 1812 2813 ’

476 2899 548 2962 ἀλλ’
570 2894 767 2979 Ἡρακλέους
801 2883 899 2973 σ’ργῆν
929 2888 988 2950 τιν’
1019 2889 1101 2969 ἔχων
1129 2896 1216 2952 τοῖσι
1244 2887 1406 2970 μεγίστοις
1434 2891 1616 2977 ἐπιχειρεῖν,

473 2999 624 3083 θρασέως
657 2990 775 3072 ξυστός
809 2976 908 3064 ridde
945 2991 999 3052 ἀπ’
1033 2991 1136 3074 ἀρχῆς
1171 2993 1258 3078 αὐτῷ
1292 2996 1339 3079 τῷ
1378 2992 1627 3078 καρχαρόδοντι.
1694 3066 1698 3074 ,

311 3133 365 3207 Ne
394 3130 477 3230 quis
502 3151 594 3202 sero
611 3116 899 3219 Aristophanem
925 3119 1141 3212 inimicitiis,
1166 3148 1258 3222 quas
1286 3147 1373 3195 cum
1398 3121 1537 3198 Cleone
1561 3115 1720 3206 habebat
1742 3084 1915 3233 graiissi.
1975 3224 1980 3231 .

216 3346 220 3357 .
311 3275 402 3340 mas,
438 3246 592 3322 ductum
612 3232 828 3331 arbitretur,
859 3255 901 3316 ut
918 3267 1009 3314 eum
1034 3242 1336 3316 contumeliosius
1361 3247 1643 3347 perstringeret:
1674 3253 1916 3357 impugnabat
1978 3267 1984 3274 '

311 3374 465 3446 omnino
491 3370 606 3471 ipsius
630 3365 781 3438 nomine
806 3364 1049 3463 petulantiam
1074 3389 1218 3454 eorum,
1246 3368 1312 3462 qui
1340 3367 1378 3437 in
1404 3369 1457 3439 rei
1486 3368 1659 3468 publicae
1679 3374 1911 3453 administra.

262 3588 271 3609 1
310 3492 451 3565 tionem
475 3491 674 3563 irruerent
725 3483 855 3582 Itaque
881 3483 1045 3595 appellat
1077 3508 1162 3554 eum
1187 3484 1319 3583 populi
1346 3487 1620 3566 moderatorem
1644 3476 1848 3595 pessimum
1870 3526 1915 3574 ac

310 3609 566 3698 metuendum,
595 3608 662 3706 qui
687 3603 910 3702 arrogantia,
936 3602 1174 3675 ostentatione
1199 3618 1234 3676 et
1259 3606 1399 3704 gloriae
1423 3610 1626 3712 cupiditate
1650 3630 1763 3716 atque
1777 3617 1913 3712 Demo-

311 3712 450 3804 sthenis
475 3743 511 3803 et
535 3728 661 3802 Niciae
693 3725 959 3800 obtrectatione
984 3747 1100 3822 aeque
1127 3725 1264 3797 civium
1290 3754 1445 3802 satorum
1470 3729 1600 3805 odium
1629 3747 1665 3806 et
1689 3751 1917 3817 contemtum

310 3851 381 3926 sibi
408 3850 568 3923 conflare
600 3849 776 3938 voluerit,
810 3869 852 3919 ac
881 3845 988 3918 sociis
1017 3846 1199 3944 pecuniae
1227 3849 1536 3946 promissionibus
1562 3853 1747 3931 molestias
1773 3884 1915 3937 creare.
1959 3886 1965 3895 ·

256 4024 260 4033 ·
310 3967 427 4067 Quod
457 3983 579 4042 autem
610 3986 780 4043 naturam
811 3991 1009 4064 moresque
1044 3960 1123 4062 ejus
1148 3966 1287 4056 attinet,
1327 3969 1529 4068 perfectam
1562 3980 1692 4047 eorum
1717 3978 1916 4082 imaginem

311 4091 488 4169 habemus
509 4091 771 4193 comparandis
791 4091 1000 4191 Vesparum
1025 4086 1130 4176 locis,
1153 4087 1192 4159 in
1216 4114 1381 4189 quorum
1407 4119 1481 4168 uno
1506 4093 1597 4170 baec
1616 4095 1868 4198 leguntur255·
1918 4113 1926 4127 ‘

301 4364 305 4371 ’
332 4368 335 4372 ·
393 4354 438 4410 53.
459 4350 593 4415 Achata.
618 4370 648 4410 τ.
668 4346 740 4411 995.
760 4369 844 4430 seqq
865 4342 999 4412 conl'r.
1013 4326 1084 4415 384
1104 4373 1189 4436 seqq.

394 4456 439 4516 54.
460 4455 555 4537 Vesp.
576 4474 605 4512 v.
627 4449 716 4512 1029.
739 4472 825 4535 seqq.
903 4491 907 4498 ·

394 4562 440 4620 55.
458 4560 553 4643 Vesp.
573 4579 605 4619 v.
628 4549 678 4619 34.
698 4575 783 4637 seqq.
