4364 5536
386 715 587 816 Reliquum
612 729 676 806 est,
704 730 745 788 ut
768 729 862 788 aetas
887 712 1126 814 significetur,
1153 717 1192 789 in
1216 742 1290 816 qua
1316 715 1480 790 medium
1502 741 1616 816 genus
1640 718 1798 791 maxime
1823 719 1887 793 llo·

287 837 419 927 ruerit,
438 851 548 936 atque
568 836 676 908 etiam
692 849 888 936 poetarum
898 839 1061 927 nomina,
1074 841 1138 938 qui
1160 836 1350 938 praecipui
1369 833 1790 937 fuerintpadjiciantur„
1803 840 1886 936 Qua
1997 887 1999 891 >

287 958 326 1029 in
346 983 387 1029 re
412 955 587 1029 hahemus
603 955 844 1045 Meinehium,
870 958 935 1056 qui
961 959 1059 1030 viam
1083 957 1294 1051 muniverit,
1320 937 1435 1055 quam
1456 956 1600 1058 ingredi
1626 958 1822 1060 possimus,
1847 975 1906 1048 ut⁴

285 1077 401 1151 verba
427 1074 504 1176 ejus
530 1091 653 1162 nostra
677 1076 868 1151 suciamus:
888 1077 933 1133 ¹³·
983 1075 1212 1153 succedat
1238 1074 1524 1179 jammedia,
1552 1105 1686 1180 quam
1711 1084 1888 1157 veteri·

284 1200 581 1288 buscriticis
608 1196 772 1302 dicere
798 1199 1007 1298 placuit,
1042 1197 1309 1290 comoedia,
1335 1199 1470 1299 cujus
1491 1215 1695 1277 aetatem
1722 1205 1788 1277 ita
1813 1200 1887 1277 de·

287 1318 439 1393 finire
464 1319 747 1413 licebit„u-t
776 1320 975 1392 circiter
1011 1317 1063 1390 ab
1099 1315 1281 1417 Olymp.
1309 1316 1456 1392 XCVII.
1491 1346 1638 1420 usque
1670 1321 1726 1394 ad
1750 1348 1887 1423 proe-

196 1454 201 1464 '
287 1442 402 1515 lium
425 1441 757 1515 Chaeronense
783 1438 817 1511 h.
843 1437 1086 1538 eOlymp.
1112 1434 1192 1508 CX.
1221 1447 1255 1514 3.
1282 1442 1588 1537 persstinuerit.
1639 1439 1788 1542 Hujus
1815 1471 1888 1516 ae·

284 1565 401 1636 tatis
435 1577 601 1664 poetae
638 1560 690 1632 ab
715 1559 956 1659 Anonymo
996 1555 1050 1630 de
1086 1554 1206 1628 Com.
1242 1581 1337 1656 pag.
1367 1555 1540 1631 XXVlIL
1581 1579 1890 1638 numerantur

284 1674 460 1786 septem
489 1697 531 1757 et
564 1682 936 1782 quinquaginta,
982 1679 1171 1753 fabulae
1206 1692 1357 1751 autem
1386 1681 1716 1780 septendecim
1747 1710 1889 1786 supra

284 1819 550 1895 sexcentas,
586 1818 881 1905 repugnante
904 1798 1167 1890 Athenaeo,
1198 1802 1276 1901 qui
1306 1800 1402 1875 Lib.
1425 1801 1519 1876 Vlll.
1548 1802 1901 1905 Pagasaeae

286 1925 393 2025 plus
431 1929 726 2028 octingentas
766 1920 954 1996 mediae
989 1921 1264 1996 comoediae
1295 1917 1482 2001 'fabulas
1516 1925 1683 2026 legisse
1718 1938 1888 1999 narrat.

285 2046 449 2148 ltaque
474 2045 733 2121 videndum
757 2059 844 2136 est,
868 2071 922 2117 ne
948 2042 1075 2144 apud
1093 2043 1382 2143 Anonymum
1406 2044 1452 2118 in
1477 2044 1796 2119 numeralibus
1821 2072 1889 2118 er,

286 2182 435 2242 ratum
460 2182 506 2242 et
530 2194 616 2269 pro
639 2173 708 2253 χιζ
735 2161 991 2264 legendum
1017 2165 1078 2236 sit
1103 2170 1176 2246 ωιζ
1203 2160 1238 2234 h.
1265 2189 1296 2235 e.
1324 2173 1423 2256 817„
1452 2166 1531 2267 qui
1557 2191 1777 2240 numerus
1804 2164 1891 2264 jam
2013 2162 2044 2175 '⁸

286 2268 386 2362 cuin
411 2315 484 2377 eo,
520 2312 658 2387 quem
683 2282 953 2357 Athenaeus
981 2282 1165 2381 posuit,
1191 2282 1365 2382 optime
1390 2267 1660 2362 concordat.
1711 2289 1807 2363 Sunt
1828 2314 1891 2360 au-

288 2421 365 2477 tem
384 2405 534 2476 nomina
553 2420 747 2502 poetarum
768 2406 832 2474 illa
852 2403 1020 2501 quidem:
1033 2404 1077 2461 ¹4·
1127 2403 1283 2493 Ararus,
1302 2400 1441 2493 Alexis,
1462 2401 1703 2504 Antiphanes,
1722 2406 1891 2508 Amphis,

287 2520 585 2609 Anaxandrides,
614 2519 828 2609 Axionicus,
858 2521 1017 2617 Augeae,
1041 2515 1230 2608 Anaxilas,
1255 2517 1467 2616 Antidotus,
1490 2521 1727 2616 Archidicus,
1758 2524 1891 2598 Callia-

289 2643 366 2734 des,
397 2641 626 2730 Callicrates,
660 2637 832 2727 Cratinus
856 2626 997 2734 junior,
1028 2637 1185 2729 Dromo,
1216 2640 1419 2739 Epicrates,
1451 2639 1659 2744 Ephippus,
1690 2644 1891 2745 Epigenes·

287 2761 471 2852 Eubulus,
485 2759 703 2863 Eubuli-des,
716 2757 893 2858 Eriphus‚
907 2755 1137 2847 Heraclides,
1152 2759 1358 2832 Heraclitus
1370 2761 1454 2857 (nisi
1479 2763 1581 2861 apud
1601 2761 1878 2836 AthenaeumX
1973 2770 1976 2775 ’

289 2913 324 2985 p.
344 2885 429 2958 llll.
457 2878 495 2974 d,
518 2887 729 2970 Ἡρακλείδης
753 2877 953 2978 legendum
979 2878 1060 2973 est),
1089 2863 1626 2974 Heniochus,.Mnesimachus,
1651 2885 1890 2977 Nicostratus,

185 3068 187 3074 .
289 3003 464 3106 Ophelio,
497 2999 705 3101 Philippus,
740 2998 946 3088 Philiscus,
971 2997 1216 3090 Philetaerus,
1255 2998 1442 3101 Sophilus,
1473 3001 1640 3095 Sotades,
1672 3005 1890 3105 Stephanus,

289 3129 410 3201 Strato
422 3120 478 3218 (t),
501 3118 534 3191 T
537 3118 700 3210 imocles,
722 3119 951 3209 Timotheus,
971 3119 1202 3192 Xenarchus.
1254 3121 1314 3191 Ex
1337 3145 1469 3195 eorum
1488 3147 1645 3195 numero
1665 3126 1805 3224 primas
1829 3125 1890 3199 de-

289 3248 455 3320 tulerunt
477 3238 676 3340 Antiphani
700 3253 737 3311 et
753 3238 914 3328 Alexidi,
941 3264 1105 3338 quorum
1129 3262 1273 3309 summa
1295 3255 1388 3314 esset
1407 3242 1485 3316 laus
1504 3244 1542 3315 in
1563 3269 1698 3342 genere
1719 3270 1802 3335 suo,
1825 3246 1890 3319 sed

290 3385 414 3440 tamen
437 3364 668 3462 Anonymus‚
699 3357 803 3458 cujus
828 3364 1080 3435 auctoritatem
1105 3359 1307 3457 infringere
1332 3362 1505 3455 nolimus,
1531 3362 1640 3461 longe
1665 3361 1772 3435 aliter
1794 3360 1891 3461 judi-

291 3489 388 3562 cavit
413 3484 467 3558 llis
487 3482 626 3556 verbis:
644 3483 687 3538 ¹5·
710 3483 834 3551 τούτων
857 3489 892 3553 δέ
924 3491 1007 3552 εἰσιν
1040 3484 1290 3568 agatimerum
1319 3487 1508 3576 Ἀντιφάνης
1547 3491 1601 3555 καί
1628 3490 1801 3574 Στέφανος.
1843 3484 1891 3558 At

293 3632 381 3682 vero
406 3620 469 3679 aut
498 3606 575 3704 ipse
594 3603 735 3674 erravit·
754 3603 791 3673 in
814 3600 869 3676 his
889 3601 1077 3676 tradendis
1103 3603 1265 3701 scriptor
1289 3601 1364 3691 ille,
1390 3601 1707 3702 quemadmodum
1732 3604 1792 3676 alii
1814 3631 1891 3678 mo·

291 3741 467 3817 ruerunt,
494 3741 557 3799 aut
584 3723 743 3799 librariis
779 3724 866 3796 vitio
895 3720 1060 3795 dandum
1090 3735 1156 3809 est,
1194 3735 1426 3822 quapropter
1458 3738 1556 3797 recte
1583 3727 1734 3798 omnino
1759 3742 1890 3801 statue·

294 3867 394 3941 runt,
423 3849 490 3949 qui·
512 3845 646 3919 Alexin
668 3842 841 3946 Stephani
870 3842 952 3917 loco
975 3840 1195 3942 ponendum
1218 3846 1440 3942 putaverint.

296 4030 576 4046 *nau-—
623 4027 625 4031 ¹

379 4130 423 4194 13,
444 4131 571 4206 Quaest.
591 4149 672 4195 scen,
694 4127 818 4208 specim
833 4130 866 4189 ΙΙ.
888 4149 957 4209 pag.
969 4126 997 4187 2.
1083 4127 1130 4192 14,
1145 4125 1227 4193 thid,
1241 4147 1308 4210 pag.
1320 4125 1349 4193 5,
1436 4131 1479 4187 ¹5.
1494 4129 1588 4213 Apud
1602 4131 1745 4192 Diodori·
1766 4153 1836 4217 pag.
1849 4135 1892 4195 Xt
