4364 5536
905 454 1231 554 *J—MQ-

388 677 567 752 studebat
585 679 681 753 enim
696 691 847 778 totaque
862 668 993 753 ments
1005 677 1046 752 in
1067 676 1109 753 id
1123 676 1374 769 incumbebat,
1392 692 1447 770 ut,
1465 704 1562 780 quae
1576 707 1696 781 :prava
1717 680 1766 761 da
1785 690 1894 787 poesi

288 798 462 873 nonnulli
482 800 674 891 sentirent,
699 801 900 900 exagitaret
924 797 1025 874 omni
1051 794 1177 872 modo.
1229 795 1305 881 Sed
1328 823 1371 871 eo
1396 798 1543 890 melius,
1569 801 1675 902 quod
1699 806 1828 900 vellet,
1852 835 1893 887 se

290 921 436 1018 assequi
461 944 582 1022 posse!
596 919 819 1013 confidebat,
858 924 889 996 si
917 948 1013 1023 quae
1044 923 1157 995 totius
1189 921 1313 999 aetatis
1340 923 1565 1022 'perversitas
1600 941 1706 1018 esset,
1748 933 1899 1011 camin

289 1042 401 1113 unius
424 1037 584 1115 hominis
602 1067 762 1143 persona
785 1039 982 1117 ridendam
993 1056 1294 1143 'repraesentaret
1313 1042 1507 1144 oculisque
1532 1041 1723 1144 objiceret
1760 1047 1896 1144 ¹Quod

288 1173 409 1232 autem
433 1146 655 1262 Euripidem
681 1163 831 1265 delegit,
858 1166 1012 1237 omnino
1039 1162 1363 1264 comprobandum
1392 1179 1457 1254 est,
1486 1166 1665 1265 quoniam
1692 1169 1723 1243 is
1749 1172 1898 1271 aptissi-

288 1305 370 1354 mus
396 1277 525 1355 haberi
559 1287 694 1384 potuit,
733 1289 771 1360 in
803 1294 880 1388 q'uo
915 1288 1037 1360 aetatis
1071 1288 1160 1361 vitia
1183 1290 1509 1386 ,exprimerentur
1556 1284 1656 1381 Quis
1693 1302 1747 1363 est
1779 1295 1897 1384 enirn,
1962 1383 1968 1391 .

291 1425 403 1500 quem
427 1401 557 1504 fugiat,
581 1409 691 1481 istum
715 1422 862 1509 poetam
887 1408 1004 1508 gratia
1021 1409 1183 1482 multum
1202 1409 1360 1481 valuisse
1386 1407 1490 1508 apud
1511 1408 1609 1480 cives
1634 1430 1721 1497 spos
1751 1423 1789 1487 et
1808 1436 1898 1497 con-

289 1520 561 1622 junctissimum
585 1528 699 1603 fuisse
725 1554 811 1602 cum
839 1529 896 1619 iis,
932 1529 998 1628 qui
1023 1524 1279 1627 sophistarum
1306 1529 1466 1627 argutias
1490 1525 1772 1601 sectarenturt·
1799 1528 1898 1626 Qni-

288 1644 444 1719 huscum
473 1628 610 1748 quanta
634 1644 713 1748 ejus
736 1647 851 1723 fuerit
882 1644 1066 1749 cognatio,
1107 1673 1195 1721 cum
1228 1672 1275 1723 ex
1306 1646 1485 1719 sermonis
1515 1661 1669 1739 natura,
1701 1677 1817 1752 quem
1838 1652 1896 1748 aad
1972 1691 1976 1696 ·

268 1789 269 1793 ’
290 1765 484 1842 rhetorum
505 1794 650 1843 morem
673 1786 926 1870 componeret,
952 1786 1032 1845 tum
1057 1768 1244 1870 suspensis
1267 1767 1554 1867 cogitationibus
1579 1769 1691 1845 facile
1715 1769 1893 1865 efficitur,

289 1888 427 1990 quibus
450 1914 488 1963 se
512 1915 622 1963 usum
647 1888 722 1964 esse
750 1892 828 1991 ipse
852 1889 989 1963 fatetur
1012 1890 1051 1961 in
1071 1884 1226 1961 Alcestis
1251 1912 1362 1961 versu
1387 1885 1568 1987 quodam,
1591 1876 1635 1962 ut
1659 1892 1800 1995 quaeri,
1815 1901 1894 1989 non

288 2007 433 2099 debeat,
459 2008 555 2108 quid
577 2012 636 2101 sit,
671 2008 777 2109 quod
800 2008 954 2109 pensilis
981 2009 1020 2081 in
1041 2007 1342 2082 Acharnensibus
1368 2008 1579 2084 inducatur.
1633 2008 1749 2105 Quod
1774 2000 1899 2087 autem
1933 2007 1936 2011 ’

288 2128 361 2228 jam
384 2129 490 2203 multi
518 2116 757 2222 monuerunt,
782 2130 900 2204 verbo
925 2132 1107 2231 attingere
1125 2130 1244 2222 volui,
1276 2157 1324 2207 ne
1347 2132 1550 2204 nimium'a
1568 2133 1762 2232 proposito
1786 2131 1897 2207 aber-

289 2277 386 2325 rasse
406 2251 575 2327 viderer:
600 2256 762 2328 Socratis
783 2268 819 2326 et
838 2253 1034 2353 Euripidis
1055 2265 1245 2353 personas,
1266 2253 1393 2352 quales
1415 2249 1617 2350 fingantur,
1639 2253 1779 2342 miram
1792 2253 1894 2329 inter

160 2429 161 2433 ,
256 2348 259 2369 Ι
288 2399 326 2448 se
349 2373 632 2451 similitudinem
655 2375 805 2466 habere,
843 2391 885 2448 ut
916 2374 1017 2448 facili
1053 2399 1169 2474 opera
1199 2374 1306 2456 multi
1338 2373 1410 2447 loci
1443 2400 1489 2446 ex
1514 2369 1921 2474 RanisNubibusqoe.

288 2491 441 2594 petendi
481 2493 606 2569 afferri
649 2509 813 2596 possent,
858 2490 999 2595 qulbus
1029 2494 1095 2569 illa
1118 2493 1333 2596 conjunctio
1360 2495 1595 2596 probaretur.
1615 2519 1623 2560 :⁴
1649 2492 1895 2573 transeunts

205 2694 209 2700 ,
288 2612 336 2688 ad
360 2615 516 2718 reliqua.
1700 2642 1709 2649 ·

265 2803 269 2809 .
331 2776 335 2787 ·
384 2736 460 2811 Sed
486 2739 662 2838 quoniam
686 2736 747 2809 alii
775 2735 885 2810 multi
913 2751 948 2808 et
972 2737 1105 2809 leviter
1133 2735 1271 2809 eruditi
1307 2750 1343 2808 et
1373 2759 1507 2834 parum
1538 2733 1895 2839 intelligentes-poe·

287 2860 381 2931 ticae
404 2856 592 2956 dignitatis
617 2860 844 2948 exstiterant,
867 2858 932 2958 qui
951 2870 1016 2929 aut
1033 2855 1120 2927 mali
1140 2854 1347 2944 dramatici,
1371 2870 1434 2931 aut
1457 2857 1665 2933 immodesti
1691 2854 1894 2959 dithyram-

289 2979 364 3049 bici
391 2980 513 3049 aetatis
541 2976 843 3078 depravationem
868 2972 1171 3048 circumferrent:
1195 2971 1463 3075 Aristophanes
1488 2978 1560 3053 sibi
1584 2990 1895 3083 temperarenon

290 3096 423 3195 potuit,
459 3098 554 3195 quin
579 3123 641 3172 eos
670 3081 823 3200 quoque
845 3082 950 3170 'omni
985 3092 1098 3167 modo
1134 3093 1327 3169 lacesseret
1357 3123 1564 3202 eorumque
1597 3105 1781 3202 imagines
1811 3116 1894 3200 ante

292 3217 420 3290 oculos
453 3233 618 3317 poneret.
671 3220 753 3292 Hoc
783 3218 899 3309 modo
925 3216 1192 3291 describuntur
1217 3217 1482 3319 Hieronymus,
1504 3224 1602 3323 gui,
1637 3247 1725 3303 cum
1750 3223 1890 3324 ingenii

263 3338 523 3414 ¹facultatibus
549 3354 705 3430 careret,
731 3337 882 3413 dicendi
905 3352 941 3410 et
965 3324 1181 3412 inveniendi
1203 3338 1398 3412 insolentia
1422 3340 1547 3415 valere
1570 3342 1710 3434 voluit3
1728 3342 1792 3403 119·
1818 3320 1896 3417 dn·

289 3459 482 3549 timachus,
497 3461 560 3522 ¹5⁰·
588 3458 781 3550 Carcinus,
794 3461 858 3519 ¹⁵¹·
884 3457 1084 3547 Philocles,
1111 3459 1177 3557 qui
1203 3473 1360 3559 propter
1386 3462 1474 3534 artis
1499 3462 1661 3562 inopiam
1682 3462 1892 3547 carminum

289 3584 479 3657 acerbitati
500 3581 684 3672 studebat,
697 3583 761 3641 152.
811 3580 1029 3669 Morsimus,
1059 3579 1205 3679 ineptus
1231 3578 1506 3680 tragoediarum
1530 3562 1783 3680 scriptor,‚l⁵‚?·
1813 3582 1897 3673 Με-

291 3706 438 3794 lantius,
453 3701 516 3762 tat,
542 3715 650 3801 poeta
674 3698 967 3800 dithyrambicus
995 3698 1166 3801 quidam,
1182 3699 1246 3761 155·
1267 3698 1424 3799 Agatho,
1449 3700 1643 3775 muliebris
1667 3691 1894 3804 etdulcicu·

292 3826 363 3914 lus,
377 3826 439 3882 ¹⁵⁶·
463 3821 648 3896 Xenocles
663 3819 823 3920 jejunus,
837 3824 901 3886 117·
920 3821 1045 3925 Jopho
1060 3822 1239 3898 verbosus
1254 3836 1290 3897 et
1302 3819 1472 3922 frigidus.
1487 3820 1551 3882 ¹⁵⁸·
1572 3822 1720 3922 Tragici
1736 3820 1896 3926 omnino¹
1928 3868 1931 3873 >

291 3951 341 4020 ita
365 3943 634 4047 significantur:
653 3943 718 4004 ¹5⁹·
1419 3944 1422 3948 ¹

376 4170 440 4232 119.
459 4171 593 4233 Acbarn.
615 4193 644 4230 v.
664 4167 735 4233 389.
756 4170 839 4254 conf.
858 4169 938 4231 Nub.
959 4192 990 4232 v.
1005 4165 1075 4259 949.
1161 4170 1225 4234 150,
1248 4166 1384 4229 lehara.
1407 4188 1435 4226 v.
1451 4163 1539 4226 1150.
1558 4187 1642 4251 seqq.
1726 4165 1793 4230 151.
1813 4163 1895 4230 ltab.
1979 4138 1987 4154 Ι

487 4296 516 4339 v.
545 4269 634 4336 1161.
667 4274 749 4336 conf.
770 4275 844 4342 Pac.
880 4295 911 4335 v.
934 4271 1004 4335 781.
1030 4273 1099 4336 795.
1203 4274 1268 4335 152.
1292 4272 1388 4352 Vcsp.
1405 4290 1445 4331 ·v.
1476 4265 1546 4336 462.
1574 4271 1657 4339 conf.
1679 4273 1743 4345 jhs.
1777 4293 1806 4332 v.
1825 4268 1897 4333 183.
1965 4345 1973 4353 ⁶

490 4381 554 4439 153.
581 4380 653 4445 Pac.
681 4399 711 4437 v.
730 4374 801 4439 804.
832 4375 914 4438 conl.
932 4377 1020 4438 Rau.
1048 4397 1079 4436 v.
1102 4373 1185 4452 151..
1255 4373 1318 4434 151.
1338 4374 1412 4434 Pac.
1442 4371 1560 4437 ν.805.
1581 4373 1670 4438 1009.
1760 4376 1823 4434 155.
1839 4377 1901 4435 A‘v.

487 4505 515 4547 v.
535 4480 604 4543 913.
626 4478 696 4542 919.
718 4477 791 4544 938.
812 4474 883 4542 950.
968 4479 1033 4538 156.
1054 4475 1282 4559 Thesmophor.
1304 4498 1333 4537 v.
1353 4474 1403 4539 19.
1422 4496 1509 4561 seqq.
1594 4480 1658 4537 157.
1671 4476 1756 4541 lbid.
1775 4471 1897 4585 addi.

492 4585 554 4650 158,
577 4583 653 4645 Itan.
675 4605 705 4644 v.
724 4581 811 4655 78,·
861 4584 924 4643 159.
943 4580 1022 4646 lbid.
1044 4602 1075 4641 v.
1095 4577 1147 4642 91.
1165 4598 1253 4662 seqq·
1316 4608 1318 4612 ’
1673 4626 1677 4631 -
