4364 5536
780 505 967 616 N-ar
1023 538 1080 564 -·--

531 709 676 805 Ignotum
692 708 829 805 tragicae
848 743 947 805 genus
972 725 1127 789 inuenisse
1150 748 1297 793 camenae
1405 766 1406 770 =
1475 815 1478 820 y
1519 790 1523 799 ,

530 826 660 888 Dicitur
679 836 713 888 et
730 827 877 916 plaustris
898 828 1014 892 venisse
1035 843 1181 914 poemata
1200 833 1343 918 Thespis,
1398 907 1399 912 η

530 932 622 1009 Quae
643 940 796 993 canerent
813 944 1004 1018 agerentque
1024 936 1172 1018 peruncti
1190 934 1331 998 faecibus
1349 958 1414 1000 ora.

72 1108 77 1113 ·
133 1066 209 1142 Sed
234 1067 308 1166 jam
333 1060 482 1166 pridem
509 1057 570 1131 alii
590 1075 830 1154 monuerunt,
854 1088 979 1163 neque
999 1079 1065 1155 est,
1091 1091 1164 1172 cur
1184 1063 1379 1140 dissentire
1401 1068 1529 1164 velim,
1553 1071 1731 1166 Venusini
1810 1124 1812 1127 ·

130 1186 257 1259 verbis
287 1209 364 1256 non
389 1183 548 1255 nimium
566 1181 817 1257 tribuendum
841 1210 930 1276 esse,
965 1184 1031 1259 sed
1051 1188 1176 1285 potius
1196 1185 1460 1284 diffidendum,
1496 1187 1738 1300 quandoqui-
1776 1212 1778 1217 ’
1883 1188 1887 1196 “

131 1305 218 1380 dem
238 1335 258 1379 a
275 1306 382 1379 nullo
407 1307 649 1405 scriptorum,
674 1315 827 1401 excepto
854 1303 921 1375 illo
946 1305 1114 1404 quidem,
1139 1335 1198 1382 res
1219 1311 1268 1399 ita
1298 1310 1434 1400 tradita
1452 1317 1509 1389 sit
1561 1317 1645 1391 Huc
1671 1348 1733 1394 au·

130 1442 205 1500 tem
224 1425 379 1516 accedit,
411 1424 517 1526 q'nod
542 1423 642 1498 haud
671 1424 752 1496 leve
776 1441 1037 1523 argumentum
1057 1454 1109 1500 ex
1133 1433 1294 1506 nominis
1321 1436 1464 1509 ratione
1489 1439 1566 1539 peti
1594 1456 1732 1541 potest‘5

131 1548 297 1637 omnino,
320 1547 386 1645 qui
407 1535 504 1621 hanc
522 1575 603 1622 rem
623 1561 721 1620 recte
741 1546 961 1646 explicaturi
982 1561 1081 1637 sunt,
1104 1547 1177 1622 hoc
1192 1564 1351 1642 teneant,
1371 1562 1471 1648 χορὸν
1492 1563 1630 1654 κύκλιον,
1654 1590 1731 1664 quo
1764 1566 1770 1573 “

132 1668 205 1742 alio
229 1669 381 1741 nomine
407 1666 704 1768 dithyrambicus
729 1668 940 1766 nuncupari
966 1666 1121 1758 solebat,
1146 1666 1259 1741 talem
1282 1669 1410 1760 fuisse,
1433 1675 1500 1770 qui
1527 1678 1625 1778 circa
1650 1711 1730 1759 arae

127 1788 262 1864 Bacchi
288 1790 446 1862 saltaret.
499 1787 605 1884 Quid
633 1790 748 1891 igitur
769 1787 942 1863 vehiculo
968 1812 1063 1890 opus
1089 1801 1179 1879 erat,
1211 1816 1299 1864 cum
1320 1818 1445 1893 neque
1468 1792 1595 1872 locum
1614 1821 1730 1879 muta.

129 1939 185 2002 re,
213 1937 336 2014 neque
362 1909 436 1983 alio
460 1910 618 1983 transire
642 1907 778 1985 chorus
796 1909 1036 2008 consuesset?
1079 1908 1279 2012 Sequitur,
1314 1930 1356 1989 ut
1381 1912 1430 1988 de
1455 1914 1571 1990 altero
1598 1921 1731 2002 choro·
1758 2014 1763 2023 ¹

124 2060 221 2111 rum·
237 2060 373 2135 genere
398 2029 603 2105 dicendum
622 2032 683 2122 sit,
709 2047 837 2106 utrum
857 2032 1112 2133 plaustrorum
1137 2059 1221 2123 usu,
1248 2058 1427 2136 quorem
1448 2059 1553 2114 suam
1570 2045 1729 2144 perfica·
1754 2082 1757 2093 ο
1861 2101 1870 2135 ⁸

127 2171 198 2247 ret,
225 2153 394 2256 adjutum
410 2154 538 2259 suerit,
564 2153 611 2226 aia
632 2178 711 2227 non
727 2154 850 2228 fuerit.
904 2150 1143 2254 Quamquam
1166 2166 1289 2230 autem
1313 2181 1359 2227 ex
1380 2156 1496 2257 ipsius
1517 2161 1572 2235 rei
1596 2180 1729 2241 natura

125 2301 203 2350 non
225 2276 318 2352 salso
345 2273 595 2376 conjecturam
612 2278 749 2377 capias,
764 2275 900 2351 choros
926 2275 1100 2365 comicos,
1115 2297 1192 2375 quo
1216 2272 1362 2350 facilius
1387 2278 1508 2354 aloco
1528 2283 1578 2357 ad
1602 2285 1728 2364 locum
1800 2360 1805 2369 ,

33 2381 36 2385 ¹
124 2389 331 2494 procedere
355 2398 521 2496 possentj
543 2397 709 2497 plaustra
732 2399 771 2472 in
795 2424 906 2471 usum
928 2399 1165 2487 convertisse,
1185 2392 1400 2507 hocsstamen
1419 2404 1593 2479 nonnulli
1617 2434 1727 2510 nega-

125 2528 228 2601 runt,
246 2515 285 2584 in
297 2515 438 2610 quibus
451 2518 634 2615 imprimis
644 2519 875 2592 Meinekium
888 2515 1079 2605 habemus,
1096 2517 1149 2588 ita
1163 2513 1428 2614 disputantem:
1446 2523 1473 2580 ⁹·
1493 2522 1590 2619 Qua
1610 2529 1655 2602 in
1677 2559 1725 2605 re
1836 2595 1854 2618 ,.

85 2638 87 2644 ’
123 2654 354 2720 nonnae,
390 2631 474 2704 sed
499 2634 728 2733 pluribus
753 2633 994 2709 actoribus
1024 2658 1153 2705 usum
1180 2661 1277 2709 esse
1302 2641 1621 2737 Susarionem,
1656 2653 1725 2723 in.

54 2731 56 2734 *
123 2750 251 2827 dicat
273 2748 543 2851 Anonymus
573 2752 626 2825 de
647 2751 764 2832 Com·
800 2746 958 2849 p-gXffl·
986 2760 1499 2848 οἳπερίΣουσαρίωνατά
1520 2771 1741 2858 πρόσοικα,

122 2874 516 2962 εἰοῆγονοίτοὶκοοος,
554 2869 725 2977 quihus
758 2866 930 2943 deinde
958 2864 1208 2944 Cratinum
1245 2874 1473 2971 opponit,
1515 2883 1592 2977 qui
1625 2891 1723 2983 pqi.
1796 2896 1802 2903 ·

120 3010 217 3060 mus
257 2984 459 3057 omnium
487 2992 537 3058 τὰ
561 2998 608 3061 ἐν
631 2999 679 3083 τῇ
710 2994 902 3082 κωμῳδίᾳ
938 2991 1142 3080 πρόσωπα
1167 2999 1295 3083 μέχρι
1323 3007 1454 3087 τριῶν
1480 3013 1724 3098 κατέστησε.
1804 3018 1812 3029 “

120 3106 247 3202 Quae
267 3107 306 3180 si
332 3130 442 3178 vera
464 3089 591 3199 sunt,
609 3108 831 3209 profecto
854 3111 901 3182 in
920 3109 1153 3210 plaustris
1174 3108 1286 3185 illas
1306 3117 1578 3200 comoedias
1604 3134 1721 3205 acti-

118 3244 236 3304 tatas
272 3251 368 3300 esse
404 3253 569 3327 parum
607 3228 850 3304 credibile
890 3232 1364 3333 esthquaeBentleji
1403 3238 1500 3317 fuit
1534 3249 1719 3347 opinio,

47 3406 51 3411 -
117 3347 434 3426 Arundeliani
474 3347 693 3423 lacunam
727 3345 971 3421 marmoris
1009 3346 1180 3447 Epoch.
1216 3355 1277 3452 34.
1310 3354 1372 3428 ita
1397 3383 1418 3429 e
1444 3359 1718 3462 conjectura
1753 3456 1758 3464 ⁸

117 3464 400 3573 supplentis:
439 3476 503 3562 dp*
522 3470 571 3540 αὖ
594 3477 666 3541 ἑνοῖ
692 3475 811 3561 [aeia]
839 3501 904 3551 αις
933 3499 1049 3563 κωμῳ
1076 3467 1189 3559 [diac
1220 3478 1491 3567 ἐφορήθησαν
1514 3488 1611 3577 ant]
1638 3504 1718 3563 τῶν

114 3600 337 3685 inunctor,
366 3589 565 3679 εὑρόντος
590 3590 905 3675 Σουσαρίωνος.
964 3579 1112 3683 Cujus
1145 3587 1319 3661 rationi
1359 3591 1496 3670 etiam
1527 3593 1612 3672 hoc
1636 3605 1716 3678 ob.

114 3728 230 3803 atat,
263 3706 393 3810 quod
417 3703 638 3807 plaustra
662 3704 767 3796 illa,
801 3706 891 3778 nisi
918 3702 996 3777 ubi
1023 3703 1079 3777 de
1103 3704 1379 3806 tragoediae
1405 3715 1596 3814 origine
1619 3728 1715 3824 agi·
1799 3780 1803 3787 .

118 3853 217 3926 tur,
250 3829 708 3924 anemineunquam
739 3833 1198 3899 commemorantur.‘-‘
1244 3825 1294 3900 At
1324 3852 1415 3900 vero
1442 3847 1541 3923 sunt,
1575 3843 1713 3938 quibu,

115 3984 175 4032 res
194 3952 367 4054 componi
391 3973 500 4052 posse
519 3945 706 4039 videatur3
729 3970 808 4046 quo
828 3943 973 4019 facilius
991 3945 1090 4018 enim
1110 3944 1219 4035 illud,
1239 3944 1345 4045 quod
1364 3952 1590 4048 quaerimus,
1614 3962 1711 4040 effici

113 4080 242 4182 possit,
275 4098 461 4175 apponam
480 4069 618 4158 locum,
642 4069 681 4140 in
706 4090 783 4166 quo
806 4065 855 4140 dc
874 4067 1024 4141 comicis
1040 4059 1198 4141 ¹omnino
1217 4090 1340 4141 sermo
1360 4081 1430 4142 est:
1448 4072 1492 4131 ¹⁰·
1537 4090 1712 4173 TWW·

75 4246 77 4251 ,
111 4187 350 4282 magmenta)
362 4183 529 4273 τὴντρύγα
535 4180 714 4269 χρώμενοι,
727 4183 780 4247 ἵνα
792 4180 838 4266 μή
849 4179 1006 4268 γνώριμαι
1015 4186 1178 4267 γένωνται,
1187 4177 1271 4247 οὕτω
1282 4180 1324 4248 τὰ
1338 4181 1711 4292 αὖτιὸνῇδονποιὴματα

113 4296 193 4366 κατὰ
210 4293 270 4370 τὰς
288 4286 384 4363 odoia
402 4285 525 4370 ἁμάξης
542 4281 788 4370 ἐπικαθήμενον
809 4282 860 4351 διό
878 4284 933 4352 καί
950 4284 1108 4372 παροιμία
1122 4282 1168 4361 αἱς
1186 4287 1220 4365 ἔξ
1239 4284 1363 4375 ἁμάξης
1377 4295 1488 4358 λαλεῖ·
1504 4289 1602 4378 ἤγουν
1620 4301 1710 4366 ἀνω.

110 4497 395 4535 μψ-

199 4644 226 4701 9.
248 4639 375 4719 Qaaest
397 4658 480 4702 scen.
503 4640 628 4733 specim.
646 4642 738 4724 prim
828 4641 872 4701 1⁰.
891 4637 996 4703 schol
1015 4639 1056 4704 ad
1073 4640 1230 4724 tristopa
1249 4638 1332 4710 nab.
1358 4662 1389 4703 v.
1406 4639 1476 4707 295.
