4344 5534
1001 481 1410 576 .-so-

268 791 274 799 ι
378 701 382 713 ’
467 724 550 797 non·
571 699 733 775 alienum
754 714 954 802 putamus..
970 733 973 737 ·
989 696 1138 794 Quanta
1161 715 1283 776 autem
1303 700 1405 774 illius
1426 697 1585 801 quidem
1608 701 1755 800 poetica
1780 697 1926 775 indoles
1945 698 2079 794 fuerit,

467 848 566 926 quae
590 825 674 899 talis
700 813 805 914 esset,
829 836 871 895 ut
895 820 944 895 ad
970 823 1088 923 ipsam
1111 819 1283 923 Aeschyli
1309 809 1576 897 sublimitatem
1600 847 1721 923 prope
1747 819 1951 914 accederet,
1976 824 2081 898 Ano-

456 942 601 1043 'nymus
628 944 666 1016 in
692 941 748 1016 his
774 943 912 1018 diserte
936 942 1107 1017 tradidit:
1124 946 1148 1003 ¹·
1180 954 1288 1034 γέγονε
1317 951 1352 1012 δὲ
1383 947 1642 1032 antaradenae
1672 946 1919 1029 κατασκευάζων
1947 950 1995 1027 εἰς
2019 950 2080 1018 τδν

465 1065 637 1152 Αἰσχύλου
655 1079 858 1159 χαρακτῆρα.
900 1063 1006 1159 Quid
1031 1087 1149 1164 porro
1176 1063 1209 1134 ei
1234 1060 1480 1136 tribuendum
1504 1064 1563 1153 sit,
1592 1065 1656 1154 eis,
1682 1090 1780 1164 quae
1799 1060 2008 1136 Meinelius
2034 1063 2076 1137 in

377 1209 379 1213 ’
466 1179 748 1259 huncmodum
774 1182 1028 1284 disputavit,2·
1061 1184 1285 1259 declaratur:
1324 1184 1507 1256 Beatam
1542 1186 1722 1284 ingenii
1762 1209 1945 1274 venam,
1982 1210 2077 1286 qua

467 1315 567 1376 erat
590 1305 665 1376 sui
690 1303 1393 1406 confidentia,ipse‘praedicat
1415 1306 1464 1377 in
1484 1294 1789 1377 nobilissimo
1812 1302 2078 1404 fragmento

466 1421 590 1525 apud
609 1423 764 1499 Schol.
787 1424 928 1498 Arist.
950 1425 1062 1525 Equ.
1091 1433 1174 1501 523.
1203 1438 1245 1496 et
1263 1424 1459 1533 Suidam
1480 1452 1508 1500 s.
1529 1451 1566 1498 v.
1597 1434 1779 1521 α’φέλτια
1801 1435 1966 1496 servato:

783 1561 890 1643 Ἀναξ
902 1559 1078 1643 ”Anauon
1097 1569 1162 1627 ταῖν
1182 1562 1267 1626 ἐπῶν
1285 1565 1350 1625 ταῖν
1368 1558 1538 1646 ῥευμάτων
1561 1651 1567 1662 0
2002 1552 2006 1561 ’

791 1669 969 1748 καναχούοι
987 1662 1105 1748 πηγαί·
1132 1663 1391 1749 δωδεκάκρουνον
1409 1661 1446 1730 td
1468 1661 1597 1747 στόμα,

788 1763 930 1840 Ἰλιοσὸς
951 1768 985 1831 ἐν
1007 1763 1167 1852 φάρυγγι·
1188 1768 1226 1834 τί
1241 1764 1280 1833 δν
1301 1767 1428 1850 εἴποιμί
1445 1793 1517 1850 σοις

792 1873 823 1937 ον’
840 1867 886 1954 μὴ
906 1868 967 1954 γὰρ
990 1865 1138 1952 ἕατβύσει
1157 1895 1208 1945 τις
1227 1872 1328 1935 αύτού
1348 1868 1385 1934 τύ
1409 1867 1524 1953 στόμα,
1649 1872 1655 1883 ”

790 1970 915 2039 ἅπαντα
935 1978 1037 2039 ταῦτα
1057 1970 1249 2038 κατακλύσει
1268 1969 1456 2083 ποτήμασιν.

464 2102 701 2200 Quibuscum
724 2104 865 2204 optime
888 2099 1050 2176 conferri
1071 2115 1242 2202 possunt,
1268 2091 1364 2201 quae
1387 2100 1654 2204 Aristophanes
1674 2105 1751 2180 alio
1766 2107 1852 2184 loco
1877 2113 2072 2214 praeclare

463 2225 570 2318 dixit,
580 2228 606 2285 ³·
636 2227 686 2303 ita
710 2226 869 2318 locutus,
898 2225 1003 2327 quasi
1029 2239 1176 2298 torrens
1202 2222 1265 2296 ille
1290 2223 1448 2325 quidem
1472 2224 1602 2299 haberi
1628 2245 1769 2329 posset,
1791 2234 1915 2311 omnia
1938 2259 2069 2311 secum

463 2328 649 2421 auferens:
883 2328 886 2333 ‚

706 2459 786 2532 Εἶτα
803 2457 967 2548 Κρατίνου
984 2461 1193 2549 μεμνημένος,
1212 2460 1248 2540 δς
1267 2470 1375 2554 πολλῷ
1394 2463 1515 2554 ῥεύσας
1536 2461 1606 2529 πότ’
1626 2462 1743 2554 ἐπαίνῳ

593 2610 643 2704 Q
707 2565 762 2630 διὰ
776 2572 841 2631 ταῖν
860 2567 990 2651 οἶφελοῑν
1010 2563 1128 2628 πεδίων
1151 2566 1242 2653 ἔρρει
1263 2570 1318 2633 κατ’
1337 2575 1396 2654 τῆς
1420 2567 1565 2643 στάσεως
1586 2567 1786 2654 παρασύρων
1976 2662 1979 2667 ⁶

705 2665 818 2753 ἐφόρει
837 2665 895 2743 τὰς
916 2670 994 2752 δρῦς
1014 2668 1069 2731 κατ’
1088 2665 1146 2742 τὰς
1167 2667 1346 2743 πλατάνους
1367 2672 1422 2735 κατ’
1437 2671 1513 2746 τούς
1533 2669 1672 2757 ἐχθρούς
1690 2670 1944 2757 προθελύμνους.

421 2781 440 2877 “.
459 2803 572 2876 Recte
596 2797 645 2872 ad
668 2797 757 2870 haec
780 2811 933 2870 annotat
955 2795 1131 2870 Lucane·
1171 2797 1254 2869 Est
1278 2794 1351 2868 hic
1378 2795 1509 2877 locus
1536 2796 1672 2872 valde
1696 2798 1996 2884 admirabilis
2021 2827 2066 2887 et

461 2916 782 2995 conferendus
808 2919 1016 3006 camillo
1044 2917 1233 2990 Horatii
1259 2914 1400 3016 Carm.
1427 2917 1490 2992 IV.
1512 2928 1545 2995 2.
1830 2920 1837 2929 ’

783 3064 893 3124 Monte
916 3060 1085 3124 decurrens
1106 3062 1194 3122 velut
1218 3061 1327 3135 amnis,
1355 3057 1470 3119 imbres

784 3168 889 3245 Quem
907 3188 1002 3249 super
1020 3175 1109 3226 notas
1131 3165 1237 3226 aluere
1258 3163 1351 3247 ripas,

782 3270 901 3333 Fervet
931 3272 1161 3351 immensusque
1182 3267 1248 3328 ruit
1269 3265 1429 3350 profundo

944 3372 1101 3435 Pindarus
1121 3390 1189 3430 ore.

455 3501 531 3578 Sed
560 3500 656 3603 quid
681 3499 946 3600 Aristophanes
973 3498 1145 3587 valuerit,
1186 3467 1335 3597 inquo
1363 3498 1480 3572 inesse
1512 3498 1668 3575 eandem
1691 3507 1869 3586 virtutem
1894 3514 2068 3612 dicimus,

454 3623 629 3698 nonnulli
650 3622 724 3696 loci
744 3616 985 3720 comparandi
1007 3615 1208 3692 docebunt.
1234 3621 1364 3692 Primo
1383 3619 1466 3701 loco
1487 3630 1802 3705 commemorandi
1824 3648 1911 3709 sunt
1926 3637 2066 3713 Achar-

454 3771 598 3836 nenses,
617 3769 782 3846 quorum
807 3765 885 3815 uno
910 3741 949 3812 in
971 3738 1055 3811 loco
1072 3739 1306 3840 Dicaeopolis
1320 3743 1530 3844 Dionysum
1554 3751 1865 3849 tanquam-deum
1890 3784 2065 3858 praesen·
2140 3845 2146 3853 ²

453 3878 529 3938 tem
555 3865 752 3954 invocat,⁵·
774 3878 810 3937 et
843 3862 974 3950 altero,
1002 3859 1069 3932 ubi
1098 3857 1197 3931 idem
1225 3867 1414 3955 Acattayq'r
1447 3865 1663 3966 alloquitur.
1677 3869 1705 3930 ⁶·
1728 3869 1911 3950 'Omnino
1939 3896 2064 3969 autem

452 3998 601 4059 mecum
621 3982 830 4057 laudaveris
849 3985 1034 4084 Equitum
1057 3979 1236 4073 fabulam,
1258 3985 1405 4085 inqua,
1432 3990 1610 4087 quoniam
1630 3999 1836 4093 argumenti
1860 4013 1992 4074 namra
2014 4005 2064 4077 ita

395 4200 401 4213 Ι
453 4104 608 4198 ferebat,
628 4105 772 4205 saepius
790 4121 902 4206 poeta
922 4107 1053 4180 altiore
1073 4104 1210 4205 spiritu
1231 4104 1322 4179 ferri
1348 4107 1490 4202 'voluit5
1517 4109 1623 4213 quod
1643 4127 1685 4186 ut
1704 4115 1945 4220 intelligatur,
1973 4148 2062 4198 con·
2105 4132 2109 4139 '

537 4351 1014 4441 t.ApudDindorr'.pag.1X.
1116 4360 1144 4418 2.
1164 4359 1294 4434 Quaest.
1318 4306 1400 4418 scen.
1423 4358 1549 4440 specim.
1574 4363 1597 4424 l.
1627 4383 1696 4447 pag.
1718 4362 1768 4426 20.
1804 4368 1894 4430 conf.
1914 4371 2064 4437 Cratinus

651 4464 685 4519 et
702 4456 841 4576 Eupolis.
872 4461 1037 4524 Dissertat.
1057 4461 1164 4543 scrips.
1185 4462 1219 4523 C.
1242 4462 1279 4521 G.
1299 4462 1411 4524 Lucas.
1434 4483 1503 4546 pag.
1526 4462 1574 4530 12.
1602 4450 1604 4454 ’
1664 4462 1699 4528 3.
1712 4466 1829 4552 Εροίῑ.“
1842 4493 1870 4535 τ.
1885 4470 1957 4536 593.
1975 4497 2064 4579 seqq.

526 4652 542 4669 .
649 4560 689 4625 ⁴.-
702 4561 780 4626 llud.
802 4585 873 4650 pag.
893 4563 941 4627 13.
991 4566 1051 4681 ·5.
1071 4564 1205 4627 Acheru.
1224 4584 1254 4623 v.
1273 4559 1344 4626 247.
1363 4583 1449 4649 seqq.
1532 4568 1561 4631 ⁶.
1580 4567 1660 4633 ibid.
1680 4592 1711 4632 v.
1730 4571 1801 4689 9}i.
1818 4594 1905 4657 seqq.
