4364 5536
320 709 404 800 erit,
422 709 533 782 istum
544 719 697 807 poetam
709 700 826 776 tribui
842 698 994 774 Athenis
1008 721 1085 793 non
1099 719 1221 797 posse,
1235 692 1303 769 sed
1311 693 1424 770 talem
1438 694 1662 798 fuisse,qui,
1675 721 1762 772 cum
1777 699 1817 772 in
1828 699 1914 773 vico

316 826 483 928 quodam
498 825 689 925 Megarico
712 836 819 895 natus
843 834 948 909 esset,
994 821 1098 899 initia
1116 820 1205 893 artis
1225 817 1264 891 in
1284 819 1469 893 civitatem
1487 816 1644 893 Atticam
1663 819 1915 894 transtulerit?
1943 880 1954 900 ,

303 949 434 1048 ‘quue
472 946 714 1048 peritissimus
734 944 804 1015 rei
828 941 1003 1016 'sce'nicaie
1034 942 1198 1040 scriptor
1229 942 1279 1014 ita
1312 937 1479 1041 exponiti
1499 942 1525 1000 ³·
1572 939 1648 1012 'ln
1679 938 1748 1013 his
1780 968 1918 1041 quem

285 1150 288 1155 ¹
315 1070 470 1169 primo
491 1058 1305 1164 loco.posui,SusarioMegarensis,
1325 1061 1686 1165 Philinifilius,
1712 1065 1917 1162 patriam

290 1184 489 1262 thahuit·
514 1184 875 1286 Tripodiscum,
915 1183 1188 1282 Megaricae
1223 1180 1420 1255 ditionis
1454 1183 1629 1276 vicum,
1670 1182 1794 1258 unde
1830 1184 1916 1277 ille

315 1305 582 1382 inAtticam
605 1305 850 1406 profectus
873 1302 995 1404 apud
1020 1302 1215 1392 Icarios,
1239 1302 1916 1401 Dionysiacorumsacrorum
1976 1354 1984 1361 «

315 1425 449 1500 cultu
471 1427 762 1501 nobilitatos
778 1431 831 1484 ’-
855 1423 1012 1499 Athen.
1037 1424 1081 1496 Π,
1109 1450 1146 1524 p.
1165 1427 1225 1498 40.
1246 1421 1283 1494 b.
1311 1434 1353 1493 et
1373 1420 1534 1494 Schal.
1560 1424 1699 1499 Iliad.
1719 1426 1769 1499 Χ,
1790 1437 1851 1507 29.
1867 1470 1914 1485 ·-

303 1549 748 1649 ,primusaomnibus
780 1546 1002 1620 versibus
1027 1543 1301 1617 comoedias
1331 1540 1572 1619 docuissse
1597 1548 1838 1622 creditur.
1867 1548 1912 1621 V.

313 1667 468 1742 Schol.
495 1670 713 1769 Dionysii
742 1666 909 1741 Thrac.
937 1693 973 1767 p.
1002 1658 1483 1742 748.Bentl.P'hala1·.
1512 1665 1582 1740 ed.
1608 1667 1740 1805 Lips.
1768 1694 1805 1769 p.
1828 1674 1912 1744 262.

314 1787 443 1883 Quae
469 1792 505 1862 si
530 1816 642 1862 vera
670 1800 801 1876 sunt,
840 1801 891 1858 ut
918 1801 1028 1860 sunt
1051 1812 1159 1861 sane
1185 1810 1282 1858 meo
1307 1783 1493 1903 judicio
1522 1790 1792 1878 verissime,
1823 1812 1915 1861 non

314 1903 523 1982 dubitari
549 1934 689 2010 posse
712 1905 928 1994 videtur,
955 1907 1239 2006 quinprima
1266 1897 1434 1981 atticae
1460 1907 1727 1982 comoediae
1748 1908 1914 2007 paullo

247 2028 253 2036 ’
314 2025 650 2136 artificiosius
674 2025 884 2099 excultae
921 2027 1058 2099 initia
1087 2026 1495 2127 aMegarensibus
1523 2029 1617 2100 sint
1643 2027 1913 2128 1·.epetenda
1974 2085 1982 2097 .

270 2183 271 2186 ¹
312 2147 444 2222 Nonne
471 2150 596 2249 igitur,
622 2126 652 2222 si
680 2147 775 2249 quid
798 2145 1037 2221 Athenienses
1063 2149 1217 2247 antiquo
1242 2161 1410 2249 tempore
1437 2150 1476 2219 in
1499 2162 1576 2220 arte
1595 2149 1807 2238 valuerunt,
1831 2151 1915 2223 Me-¹

312 2269 672 2369 gareorumgloriae
692 2267 938 2342 tribuendum
956 2267 1147 2342 videatur?
1198 2267 1393 2368 Quicquid
1412 2282 1532 2338 autent
1553 2270 1636 2359 erit,
1663 2293 1740 2367 quo
1760 2273 1916 2344 Susario

194 2450 202 2491 3
312 2403 430 2461 artem
453 2390 656 2465 excoluisse
684 2389 876 2465 habendus
901 2388 960 2478 sit,
984 2378 1106 2459 tamen
1134 2388 1297 2488 ignorari
1323 2414 1400 2463 non
1431 2403 1564 2489 potest,
1603 2392 1798 2470 retinuisse
1826 2418 1917 2466 eum

311 2508 490 2610 plurima,
532 2538 627 2612 quae
660 2511 861 2603 obstarent,
899 2535 947 2581 ne
973 2507 1102 2582 eadem
1134 2508 1318 2608 jamtum
1350 2511 1480 2582 laetius
1510 2512 1620 2581 etiam
1653 2509 1912 2587 effloresceret

311 2629 493 2714 Etenim
485 2660 523 2703 in
544 2654 621 2731 quo
642 2633 766 2731 potuit
785 2630 979 2719 excellere,
1004 2655 1081 2702 non
1099 2634 1190 2705 tanti
1213 2629 1479 2704 aestimandum
1497 2643 1562 2717 est,
1589 2632 1716 2728 quanti
1737 2631 1914 2734 plerique

189 2769 193 2777 ·
272 2829 274 2833 ,
312 2748 555 2837 arbitrantur,
583 2772 670 2818 cum
694 2745 787 2817 nihil
811 2744 915 2817 aliud
933 2747 1168 2842 praestiterit,
1192 2748 1264 2819 nisi
1286 2746 1392 2845 quod
1408 2746 1456 2819 ad
1475 2747 1578 2821 lusus
1597 2775 1636 2822 se
1659 2770 1913 2865 componeret,

315 2868 397 2967 qui,
434 2891 520 2939 cum
539 2893 586 2938 ex
607 2865 775 2965 tempore
798 2866 873 2936 nati
894 2865 1085 2937 autetiam
1107 2886 1379 2963 nonnunquam
1399 2866 1653 2964 praemeditati
1679 2886 1810 2962 essent,
1848 2899 1916 2951 ne·
2020 2866 2022 2873 ¹

313 3010 394 3085 que
413 2986 569 3073 servari,
601 3008 726 3082 neque
742 2980 934 3054 conscribi
960 2996 1141 3080 poterant.
1182 2981 1445 3083 Quapropter
1475 3002 1576 3061 recte
1602 2990 1777 3064 nonnulli
1803 2972 1915 3070 talem

313 3132 399 3178 eum
422 3105 605 3195 fecerunt,
647 3104 713 3205 qui
748 3116 910 3187 veterem
939 3100 1217 3200 Megarensium
1247 3101 1486 3205 disciplinam
1515 3110 1564 3181 ita
1595 3128 1829 3212 sequeretur,
1870 3132 1929 3221 ιιι,

313 3227 422 3300 etiam
446 3227 487 3299 in
511 3222 687 3316 ridendi,
714 3247 961 3329 quoscunque
987 3221 1114 3313 vellet,
1149 3248 1254 3298 more
1278 3228 1506 3320 consisteret,
1543 3256 1771 3332 quamquam
1790 3236 1915 3336 major
2008 3300 2012 3309 .

312 3344 400 3421 inde
426 3346 563 3419 lausei
588 3340 790 3419 tribuenda
818 3355 883 3433 est,
922 3340 1030 3444 quod
1056 3344 1305 3444 relinquebat
1315 3346 1508 3422 rationem
1530 3375 1694 3445 eorum,
1715 3358 1784 3457 qui
1809 3355 1913 3431 nudo

223 3458 228 3467 ’
311 3493 482 3543 ser-mone
500 3465 647 3541 ludicra
667 3462 892 3538 effudissent.
943 3462 1027 3563 lpse
1053 3462 1153 3535 enim
1172 3486 1215 3534 eo
1238 3469 1410 3562 pervenit
1427 3473 1529 3561 artis,
1551 3487 1593 3546 ut
1613 3472 1667 3565 id,
1694 3470 1800 3575 quod
1822 3502 1912 3579 pro·

310 3582 480 3690 poneret,
511 3584 621 3660 rersu
643 3580 808 3658 studeret
832 3581 1112 3684 adstringere·4
1145 3582 1306 3659 Accedat
1330 3612 1373 3660 eo
1399 3613 1514 3689 opera
1540 3589 1619 3692 ejus
1643 3612 1805 3696 oportet,
1837 3624 1916 3700 qna

311 3709 455 3808 assequi
482 3705 553 3782 sibi
578 3705 789 3806 proposuit,
822 3721 872 3779 ut·
888 3705 1036 3797 fabulae
1064 3706 1206 3779 ratione
1229 3706 1404 3807 quadam,
1445 3709 1717 3814 qualiscunque
1742 3734 1847 3811 esset,
1884 3724 1914 3795 si

312 3824 427 3903 modo
453 3842 558 3917 esset,
595 3823 699 3926 jungi
727 3823 957 3901 viderentur.
1009 3826 1115 3922 Quae
1143 3842 1181 3902 et·
1198 3826 1319 3927 qualis
1349 3828 1478 3920 fuerit,
1510 3856 1737 3934 quamquam
1761 3835 1916 3914 demon.

239 3971 279 4023 ,²
304 3946 420 4026 strari
447 3970 525 4018 non
548 3960 681 4043 potest,
714 3956 851 4038 tamen,
885 3949 916 4023 si
945 3963 1088 4049 tempus
1112 3961 1314 4048 spectatur,
1351 3947 1460 4025 facile
1487 3950 1666 4048 efficitur,
1694 3944 1912 4036 fuissentin
1944 3960 1946 3964 '

283 4069 363 4151 ,ita
393 4062 638 4157 artificiosam,
679 4081 723 4140 ut
746 4071 835 4143 istos
860 4071 998 4161 μικρούς
1014 4070 1150 4155 μύθυυς.
1184 4069 1251 4168 qui
1284 4067 1476 4163 dicuntur,
1515 4074 1677 4158 multum
1708 4087 1913 4181 superaret.

312 4186 479 4260 Pertinet
503 4187 618 4288 igitur
641 4183 714 4258 huc
743 4211 911 4286 quoque,
948 4181 1053 4285 quod
1077 4184 1111 4257 J.
1139 4181 1378 4335 Casaubonus
1410 4192 1507 4269 bene
1530 4184 1774 4296 judicavitt⁵l
1807 4204 1842 4280 N
1848 4230 1916 4281 am

319 4378 601 4396 m—

396 4495 424 4555 3.
445 4494 580 4557 Meinel.
594 4496 726 4577 Quaestss
747 4521 829 4563 scen.
821 4500 972 4586 .spccim.
991 4502 1013 4562 l
1040 4500 1207 4587 peguli
1254 4504 1283 4564 4.
1303 4503 1350 4568 td.
1369 4506 1448 4573 ibid.
1482 4526 1561 4596 pag
1557 4509 1602 4581 6,
1712 4517 1746 4577 5.
1712 4448 1818 4580 De
1827 4525 1915 4603 poesi

498 4600 654 4683 satyrica,
676 4622 747 4686 pag.
772 4597 819 4664 16.
