4364 5536
742 559 800 589 π
851 513 940 622 lh?
991 555 1048 587 ==

192 873 275 947 Jam
294 871 478 974 sequitur,
503 883 547 945 ιιι
569 866 616 944 de
634 856 899 946 sententiarum
914 860 1060 943 ratione
1077 866 1236 962 dicatur,
1263 878 1360 978 qnae
1382 845 1482 946 novo
1502 874 1542 946 in
1561 899 1697 976 genere

95 996 325 1071 usitatissima
356 985 479 1067 literit'
530 993 597 1066 Est
621 984 744 1067 autem
768 991 831 1065 illa
855 989 1023 1093 quidem,
1060 988 1108 1063 da
1132 1016 1208 1091 qua
1231 988 1321 1064 hoo
1331 982 1414 1064 loco
1439 989 1698 1071 disserendum

98 1134 164 1208 est,
189 1119 239 1192 lta
263 1129 486 1217 comparata,
523 1125 565 1185 ut
589 1139 610 1184 a
634 1102 786 1233 poeseos
806 1113 984 1214 dignitate
1008 1098 1224 1204 descendat,
1252 1092 1412 1223 quaein
1438 1113 1550 1188 robus
1575 1119 1699 1191 animo

96 1232 302 1312 informatis
321 1238 504 1325 consistat,
527 1257 643 1333 seque
644 1226 825 1334 applicet
844 1233 1009 1308 advitae
1029 1235 1236 1306 communis
1255 1214 1515 1312 humilitatem:
1536 1237 1576 1313 id
1595 1241 1701 1342 quod
1772 1264 1775 1277 ·

93 1387 173 1434 non
198 1388 240 1435 re
259 1358 408 1433 condita
425 1353 598 1458 quadam
612 1355 762 1454 ratione
772 1343 957 1445 ιιιιιιιιιι,
979 1342 1075 1427 sed'
1054 1378 1108 1424 ιιι
1129 1365 1308 1466 promptu
1328 1358 1483 1429 omnino
1501 1373 1562 1432 est
1615 1357 1702 1455 Qua

95 1507 142 1556 ex
164 1507 207 1555 re
230 1481 464 1582 intelligitur,
496 1498 574 1550 non
594 1475 697 1550 tanto
718 1467 865 1575 ingenii
887 1490 1000 1586 opas
1007 1461 1134 1564 faisse,
1167 1487 1245 1546 aut
1263 1477 1350 1548 artis
1376 1478 1619 1585 praestantiae
1652 1479 1700 1555 ad
1729 1517 1733 1526 ·

94 1602 167 1678 hoc
193 1628 309 1703 genus
332 1599 546 1689 colendum,
582 1610 721 1698 quanto
748 1595 893 1694 priores
917 1597 1051 1669 comici
1076 1597 1139 1669 utl
1154 1594 1348 1687 deberent,
1386 1623 1472 1671 cmn
1497 1603 1701 1699 pertineret

81 1714 143 1798 'ad
167 1749 294 1798 omnes
322 1737 448 1825 poetas
476 1720 657 1822 ejusdem,
694 1731 736 1791 ιιι
761 1714 957 1802 hominum
988 1717 1102 1792 vitam
1118 1716 1370 1827 observarent-
1401 1719 1611 1831 agendique
1644 1751 1701 1797 ra-

93 1847 246 1938 tionem,
273 1871 371 1946 quae
396 1845 467 1920 sub
493 1843 622 1918 oculos
640 1839 802 1916 caderet.
850 1836 982 1940 ltaque
1004 1856 1082 1912 ιιοιι
1108 1833 1242 1945 injuste
1259 1825 1450 1931 fecerunt,
1473 1868 1537 1941 qui
1528 1841 1701 1920 fabulas
1760 1851 1763 1858 '

95 1965 189 2057 illas,
229 1967 368 2068 quibus
393 1966 505 2040 animi
535 1959 720 2065 quaedam
739 1960 936 2034 incitatio
939 1955 1080 2068 'desole
1095 1952 1379 2071 videretur,
1343 1990 1364 2034 a
1392 1958 1605 2064 poematum
1632 1993 1702 2039 nu-

93 2113 198 2163 mero
226 2086 376 2163 excludi
400 2084 613 2196 voluerunt.
665 2081 784 2202 Quod
805 2064 1007 2157 Tulliu's''‘
981 2112 1019 2156 ιιι
1041 2080 1112 2169 his
1116 2066 1202 2159 sere
1222 2080 1330 2160 dicit:
1348 2086 1374 2143 ¹·
1407 2099 1541 2185 poeta
1563 2111 1702 2186 grave

94 2207 383 2310 plenumque
403 2232 595 2281 carmen
616 2207 715 2280 sine
738 2202 933 2281 coelesti
956 2202 1124 2305 aliquo
1142 2199 1320 2287 mentis
1345 2206 1576 2280 instinctu
1596 2206 1703 2282 fun·
1775 2274 1778 2279 ι

96 2326 210 2398 dere
243 2355 337 2399 non
369 2340 539 2426 potest.
589 2324 754 2426 Ingenua
790 2320 891 2401 idam
912 2321 1055 2404 fatetur
1082 2312 1306 2483 Horatius,
1318 2325 1424 2430 cujus
1449 2331 1704 2409 auctoritatem

95 2441 215 2517 nolim
236 2440 458 2541 infringere:
450 2443 521 2499 ··²»
849 2478 852 2485 .
1022 2494 1025 2499 .
1079 2479 1086 2490 ,

340 2581 508 2665 ingenium
535 2583 589 2646 cni
623 2582 679 2680 sit,
718 2576 776 2645 cui
799 2602 888 2644 mens
917 2540 1056 2646 divinior
1095 2588 1191 2674 atque
1219 2566 1289 2646 os
1302 2576 1317 2586 ⁹

340 2689 454 2770 Magna
484 2676 685 2763 sanaturum,
726 2684 780 2746 des
815 2684 948 2746 hominis
974 2669 1075 2771 ΙιιιιῙιιι
1106 2680 1291 2756 honorem.

341 2788 465 2852 ldeirco
497 2786 654 2870 quidam,
686 2788 873 2866 Comoedia,
915 2810 1032 2866 necne,
1072 2808 1185 2871 poema

258 2912 260 2917 ’
340 2893 446 2968 Esset,
487 2889 689 2973 quaesivere.
729 2889 816 2971 quod
848 2906 923 2953 acer
942 2878 1086 3006 spiritns
1117 2916 1154 2956 ac
1186 2894 1233 2956 vis

282 3023 287 3032 ¹
342 2999 406 3060 Nec
438 2995 560 3070 verbis,
593 3013 652 3055 uec
685 2988 782 3053 rebus
804 2987 915 3074 inest,
944 2992 1017 3057 nisi
1046 2994 1133 3079 qnod
1165 2995 1247 3079 pede
1280 3007 1371 3061 certo

339 3099 500 3162 Differt
486 3094 622 3158 sermoni
662 3091 765 3156 termo
797 3082 931 3153 anterdt.¹
955 3135 966 3156 .
1007 3136 1018 3155 .
1058 3135 1068 3153 .
1102 3137 1121 3165 ¹.
1162 3139 1172 3155 .

99 3230 230 3328 Qualis
254 3241 376 3303 autem
402 3222 613 3304 differentia
641 3218 699 3325 sit
721 3220 761 3292 in
793 3214 863 3295 hac
888 3248 931 3296 re
955 3200 992 3299 et
1014 3220 1157 3322 antiqui
1184 3235 1222 3295 et
1241 3227 1328 3298 noti
1355 3231 1514 3326 generis,
1553 3233 1594 3306 id
1627 3248 1708 3310 tum

99 3366 265 3458 apparet,
293 3377 379 3426 cum
404 3343 669 3461 ponderamus,
697 3316 836 3444 quauta
860 3340 976 3417 luerit
999 3341 1149 3416 ridendi
1175 3338 1401 3448 jocandique
1426 3349 1581 3429 libertas
1605 3359 1708 3458 apud

98 3491 243 3579 veteres
262 3471 438 3557 comicos,
463 3489 560 3566 (suae
586 3462 624 3535 in
646 3488 744 3537 nova
767 3463 960 3539 comoedia
981 3466 1094 3538 nimis
1118 3467 1278 3540 coercita
1298 3467 1483 3544 videatur.
1533 3472 1584 3546 Ut
1608 3478 1708 3562 enim

98 3597 239 3674 secerni
256 3618 334 3669 non
351 3602 471 3727 potest
485 3586 610 3659 omnis
623 3582 729 3687 jocus
744 3585 995 3686 festivitasque
1015 3584 1061 3658 ab
1079 3584 1145 3658 illo
1160 3612 1310 3688 genere,
1329 3605 1371 3663 ιιι
1389 3615 1476 3666 cum
1493 3618 1539 3668 eo
1554 3599 1708 3672 omnino
1735 3574 1738 3581 Δ

99 3717 252 3793 confusa
276 3716 338 3789 sit:
364 3711 417 3787 sic
438 3711 476 3782 in
502 3707 573 3782 hoc
592 3707 709 3807 multa
733 3710 847 3782 acute
863 3704 961 3780 triadi
986 3722 1029 3778 'ac
1029 3700 1217 3812 praecipi
1243 3709 1376 3805 solent,
1403 3712 1577 3792 adstricta
1603 3734 1710 3821 petu-

100 3840 228 3930 lantia,
261 3851 303 3909 ut
327 3829 540 3932 conjunctio
568 3801 752 3930 quaedam
776 3824 912 3931 poesis
924 3843 961 3904 et
985 3820 1239 3934 philosophiae
1264 3836 1328 3916 sit.
1373 3834 1474 3912 Hinc
1498 3837 1595 3913 illud
1620 3843 1710 3914 ami·

99 3964 203 4036 citiae
228 3955 438 4045 vinculum,
463 3978 540 4054 quo
567 3947 778 4026 Menander
812 3963 848 4021 et
870 3949 1059 4051 Epicurus
1092 3969 1192 4029 arcte
1224 3957 1518 4048 continerentur,
1543 3983 1710 4059 quorum

99 4097 194 4157 aetas
213 4079 262 4155 ad
282 4077 324 4153 id
339 4091 484 4176 tempus
504 4075 699 4175 pertineat,
717 4149 721 4154 ,
736 4068 885 4166 Quanta
903 4075 1003 4156 enim
1021 4074 1248 4151 familiaritas
1270 4078 1384 4153 suerit
1404 4081 1600 4178 utriusque
1621 4081 1708 4172 riri,

102 4207 181 4307 ipse
205 4198 416 4275 Menander
442 4197 654 4298 exprimere
679 4193 800 4269 voluit
824 4197 1111 4298 epigrammate,
1139 4195 1244 4299 quod
1267 4197 1405 4299 legitur
1429 4202 1468 4274 in
1494 4199 1710 4279 fabularum

99 4323 316 4428 fragmentis
345 4318 574 4396 a'Meinelio
600 4317 818 4410 collectis,³·
848 4331 989 4392 utnon
1012 4318 1151 4392 mirum
1177 4318 1237 4410 sit,
1271 4319 1300 4393 si
1331 4320 1398 4422 qui
1428 4336 1578 4423 poetam
1602 4323 1711 4400 illum

185 4555 210 4612 ¹.
232 4547 405 4614 Tusculum
426 4540 687 4632 dispensante
770 4541 911 4608 asara
931 4537 1052 4609 tte.
1071 4541 1134 4612 44
1129 4567 1226 4631 seqq
1310 4545 1526 4610 auemntn·
1548 4557 1580 4611 et
1600 4510 1712 4613 Philo·

299 4653 401 4718 ιιιοιιίι
420 4651 585 4739 reliquiae,
618 4673 688 4794 pag.
709 4635 782 4715 999.
