4364 5536
937 461 1123 632 ---·-'-41
1180 534 1237 559 ..-

292 737 380 830 que
395 725 627 853 potentiam:
634 722 816 824 progenie
838 720 1017 795 Pisistrati
1040 715 1135 800 urbe
1159 716 1294 820 ejecte,
1315 696 1561 856 magnopere
1571 718 1734 810 auxisse,-
1760 731 1802 792 ut
1826 741 1894 793 aua
1955 771 1959 779 -

285 850 411 951 ipsias
433 846 599 921 crescere
622 846 800 945 'posset
771 841 840 902 1⁴·
863 843 931 916 Est
951 845 1194 925 autemtiritar
1214 842 1385 918 instituta
1408 839 1503 943 ejus,
1527 842 1683 945 quibus
1691 818 1893 942 aequalitas

285 969 504 1105 potentiae,
517 965 667 1069 qualem
684 966 774 1041 Solo
791 965 1067 1066 sapientissime
1073 963 1223 1063 fecerat,
1246 991 1323 1040 non
1335 966 1504 1073 ιιιιιριίιιι
1523 963 1735 1038 conservari
1751 975 1894 1066 posset,

200 1136 206 1145 ·
286 1089 336 1167 id
351 1090 508 1162 maxime
516 1084 818 1177 memorandum,
830 1083 977 1186 quod
963 1093 1163 1160 numerum
1182 1088 1396 1180 tribuumj
1375 1116 1425 1161 ιιι
1444 1086 1581 1189 quibus
1594 1082 1773 1186 populus
1783 1080 1894 1161 Atha.-
1934 1170 1937 1176 ι

288 1211 479 1284 niensium
466 1203 803 1296 continebatur,
791 1219 843 1279 tta
863 1207 1032 1308 augebat,
1041 1225 1092 1284 ιιι
1112 1215 1158 1283 ex
1178 1225 1341 1311 quatuor
1361 1207 1488 1283 decem
1510 1205 1715 1299 fierent,1n
1736 1230 1896 1306 eumque

289 1355 371 1404 non
396 1327 509 1403 modo
533 1331 753 1430 peregrinos
778 1327 1084 1431 libertinosque,
1089 1357 1221 1404 verum
1240 1333 1350 1404 etiam
1369 1354 1495 1403 servos
1514 1343 1692 1431 tanquam
1711 1327 1896 1434 legitimos

291 1455 393 1526 cives
405 1449 585 1526 adscribi
612 1450 776 1551 jubebat
791 1452 835 1511 1⁵¹
878 1453 1027 1553 Neque
1040 1442 1093 1526 ita
1117 1453 1235 1526 multo
1256 1464 1354 1552 post,
1379 1466 1509 1525 exorto
1535 1452 1773 1528 nobilissimo
1798 1435 1900 1523 inter

295 1573 458 1650 Graecos
477 1575 686 1672 Persasque
710 1569 826 1663 bello,
849 1598 933 1647 oum
958 1556 1100 1676 singuli
1128 1577 1288 1675 quique,
1323 1571 1421 1673 quid
1443 1574 1622 1663 valerent,
1654 1574 1808 1647 sentire
1814 1595 1899 1645 coe-
1939 1602 1957 1615 ’·
2082 1557 2103 1574 ”

273 1696 451 1795 'pissent
474 1691 673 1785 Aristides,
687 1718 859 1795 aequum
872 1721 924 1770 se
945 1695 1129 1799 praebens
1153 1709 1219 1769 aut
1242 1697 1353 1768 etiam
1378 1707 1589 1793 temporum
1612 1694 1820 1800 necessitati
1840 1716 1899 1765 ce-

291 1801 410 1917 dens,
438 1814 557 1916 legem
581 1814 681 1907 tulit,
719 1831 763 1890 ut
791 1819 917 1890 omnia
948 1814 1032 1915 jura
1054 1814 1339 1892 Atheniensium
1372 1831 1409 1890 et
1436 1814 1599 1888 divitum
1626 1827 1662 1886 et
1691 1837 1900 1922 pauperum
1952 1888 1954 1891 ,
2044 1871 2047 1876 .
2161 1894 2165 1905 ι

294 1935 528 2009 communia.
549 1950 680 2027 essent,
731 1961 855 2036 neque
892 1933 1033 2040 deesset
1064 1940 1224 2029 occasio,
1267 1962 1343 2040 qua
1375 1963 1515 2017 omnes,
1535 1938 1634 2010 cives
1665 1936 1899 2034 magistratus

295 2056 615 2157 adipiscerentur-3
633 2053 807 2157 ,denique
823 2071 865 2131 ut
879 2063 1032 2152 ἄρχοντες
1053 2084 1099 2131 ex
1117 2061 1251 2158 quovis
1269 2038 1409 2131 civium
1426 2055 1562 2158 o'rdine
1582 2055 1671 2156 eligi
1690 2051 1901 2155 possent¹⁶·

186 2192 190 2209 ’
296 2175 372 2255 sed
396 2175 537 2315 majore
558 2180 668 2253 etiam
692 2178 915 2272 calamitate
912 2207 979 2256 res
999 2180 1155 2283 publica
1176 2178 1312 2254 afflicta
1334 2194 1388 2253 est
1413 2177 1545 2253 eodem
1562 2203 1673 2268 anno,
1694 2201 1772 2278 quo
1795 2193 1900 2249 exer·

297 2303 408 2373 citus
419 2300 457 2372 in
481 2299 652 2401 Aegypto
677 2298 821 2374 cladem
842 2313 995 2436 pugnae
1016 2315 1248 2403 aeceperunt.
1300 2299 1510 2402 Ephialtes
1519 2303 1633 2391 enim,
1661 2314 1813 2372 auctore
1832 2298 1901 2371 P'e·

300 2419 407 2507 riclc,
441 2445 550 2493 omne
561 2419 851 2524 Areopagitis
838 2448 910 2520 lus,
936 2420 1042 2522 quod
1065 2421 1156 2494 Solo
1180 2421 1378 2510 tribuerat,
1407 2419 1572 2510 adimere
1598 2447 1675 2494 non
1700 2419 1900 2507 dubitavit,
1923 2457 1925 2459 >

300 2530 474 2638 nihilque
497 2541 668 2640 reliquit,
693 2546 767 2614 nisi
794 2540 900 2640 quod
921 2566 980 2612 ras
1006 2540 1178 2638 capitales
1202 2539 1371 2639 judicare
1397 2553 1555 2637 possent
1610 2538 1715 2632 Quae
1741 2564 1828 2612 cum
1850 2541 1902 2611 ita

301 2673 432 2746 essent,
459 2657 570 2730 facile
589 2655 687 2728 fieri
684 2662 829 2756 potuit,
860 2674 902 2730 ut
920 2656 1054 2756 ple'lis,
1068 2661 1126 2731 sui
1147 2655 1242 2755 juris
1263 2656 1368 2744 facta,
1390 2679 1536 2735 omnem
1561 2659 1747 2729 civitatem
1768 2656 1810 2730 in
1830 2683 1902 2730 ma·

262 2828 265 2833 >
298 2806 370 2854 nus
395 2803 526 2852 eorum
551 2774 726 2865 traderet,
753 2778 821 2876 qui
849 2770 996 2849 oausam
1019 2777 1139 2875 ipsius
1165 2789 1333 2874 agerent;
1367 2777 1434 2875 qui
1460 2774 1618 2876 quidem
1642 2777 1690 2851 ab
1715 2776 1787 2864 hoc
1811 2776 1903 2854 inde

300 2915 467 3001 tempore
486 2896 576 2971 tales
598 2894 840 2998 exsistebant,
859 2922 972 2997 penes
993 2918 1088 2996 quos
1111 2920 1252 2969 summa
1272 2912 1431 2998 potestas
1453 2912 1555 2972 esset
1569 2899 1612 2956 ¹⁷·
1656 2895 1837 2992 'Quorum
1862 2901 1904 2971 in

301 3040 458 3093 numero
491 3020 572 3117 ipse
594 3014 759 3119 Bericles
786 3015 978 3092 habendus
1004 3029 1071 3104 est,
1111 3018 1179 3115 qui
1205 3018 1340 3119 populi
1370 3018 1498 3094 farore
1529 3023 1721 3122 animique
1752 3017 1906 3094 dotibus

302 3142 355 3213 ita
377 3137 596 3239 praestabat,
621 3151 664 3209 ut
688 3160 766 3209 rem
791 3138 984 3236 publicam
1009 3136 1124 3210 veluti
1151 3161 1255 3209 suam
1282 3139 1399 3238 ipsius
1425 3136 1685 3214 administrare
1713 3140 1904 3214 liceretw·

303 3256 497 3352 Quamdiu
521 3281 676 3356 magnus
708 3257 770 3326 vir
794 3271 830 3329 et
853 3258 1017 3330 excelsus
1041 3260 1098 3329 rei
1122 3256 1296 3358 publicae
1319 3276 1501 3358 praeerat,
1549 3263 1694 3335 tamdiu
1717 3266 1905 3362 potentiae
2027 3316 2029 3321 -

255 3384 257 3388 ’
284 3404 344 3470 ,ιιι
364 3381 524 3480 gloriam
544 3374 748 3467 obtinebat,
767 3376 933 3477 pollebat
956 3378 1117 3469 divitiis,
1144 3379 1288 3454 artibus
1309 3385 1540 3483 optimisque
1561 3380 1709 3471 studiis,
1737 3363 1919 3481 denique

201 3558 205 3565 .
303 3507 485 3591 omnium,
524 3522 620 3600 quae
647 3497 696 3572 ad
722 3501 820 3572 ritae
846 3499 1012 3574 excultae
1043 3503 1355 3578 consuetudinem
1384 3505 1604 3605 pertineant,
1644 3529 1774 3576 rerum
1797 3505 1906 3603 copia

303 3621 526 3698 abundabat
577 3620 682 3695 Licet
706 3635 826 3694 autem
848 3622 918 3694 illa
939 3624 1018 3724 ipsa
1039 3626 1183 3714 civitas,
1206 3651 1281 3724 qua
1302 3626 1408 3699 nulla
1427 3622 1667 3727 splendidior
1687 3623 1818 3698 haberi
1838 3648 1906 3725 po-

221 3731 223 3736 *
303 3747 389 3832 tuit,
416 3744 520 3815 omni
545 3742 804 3843 prosperitatis
829 3766 964 3841 genere
991 3745 1204 3819 excelleret:
1229 3759 1365 3839 tamen,
1407 3764 1450 3821 ut
1473 3747 1595 3837 flores,
1634 3749 1759 3846 quisi
1786 3769 1906 3820 amoe-

303 3867 454 3940 nissima
482 3864 732 3966 explicantur,
755 3877 898 3936 mature
924 3878 1167 3966 marcescunt,
1208 3867 1389 3967 paulatim
1409 3865 1623 3940 decrescere
1650 3867 1774 3979 coepit
1794 3881 1907 3966 atqua

304 3989 360 4057 in
375 3979 481 4084 pejus
504 3987 611 4058 verti.
665 3984 813 4059 Omisso
841 3986 957 4092 enim,
987 3983 1092 4084 quod
1118 3986 1266 4088 plebem
1293 3992 1406 4063 totius
1432 3987 1566 4090 populi
1593 4012 1635 4062 ac
1661 3984 1786 4087 legum
1810 3990 1907 4088 ipsa-

196 4114 202 4123 ‘
305 4132 393 4180 rum
418 4103 620 4178 dominum
643 4100 793 4197 fecerat,
809 4106 852 4165 ¹9·
879 4110 1066 4186 commisit
1091 4110 1163 4185 alia
1187 4109 1315 4201 multa,
1344 4107 1483 4210 quibus
1510 4124 1548 4201 et
1570 4111 1727 4185 civitatis
1751 4110 1908 4187 salutem

286 4465 288 4467 ·
392 4436 436 4497 ιι.
458 4391 576 4500 uena.
599 4437 637 4514 v,
658 4431 708 4500 to.
730 4441 820 4503 conr.
839 4441 965 4505 aratos
985 4442 1079 4505 roas.
1100 4445 1153 4523 vr,
1176 4439 1223 4508 aa
1312 4443 1496 4516 taxema
1519 4447 1554 4528 v,
1571 4402 1623 4518 so.
1640 4442 1695 4509 ιο.
1716 4445 1828 4508 artae
1847 4443 1910 4504 Pa

503 4539 549 4601 lit
579 4540 627 4617 ill,
660 4543 687 4606 1.
721 4546 774 4623 vt,
803 4540 833 4608 4.
938 4548 982 4609 16.
1010 4546 1172 4609 Plutarch.
1205 4548 1332 4612 tristia
1366 4551 1400 4617 u
1413 4547 1462 4614 11.
1568 4552 1612 4611 17.
1642 4549 1685 4614 ld.
1715 4546 1793 4613 ibid.
1824 4567 1850 4608 c·
1878 4545 1913 4607 3·

508 4646 554 4710 18,
576 4647 723 4735 Thucyd.
742 4653 778 4730 ll,
798 4646 849 4722 tt.
941 4655 986 4715 ¹⁹.
1004 4651 1151 4735 Xenoph.
1167 4649 1206 4715 de
1225 4654 1366 4738 republ
1385 4655 1498 4820 {ihm
1516 4672 1544 4716 c.
1559 4652 1586 4714 1.
