4364 5536
758 462 956 593 ..313'3
1008 540 1066 556 ..

109 715 315 792 'vissimis
334 707 639 818 gravitatem,
664 709 798 784 velut
821 713 869 784 in
892 711 1021 814 Au'ge
1044 701 1166 815 apud
1183 713 1352 792 Athen.
1379 716 1480 794 xlv.
1504 747 1542 824 p.
1567 730 1652 801 oet.
1678 754 1708 801 e.
1758 799 1760 804 .

109 841 156 914 in
181 835 469 920 Orthaneib.
488 831 549 902 ΠΙ.
577 831 770 932 p-108.2b.
798 832 1121 910 inTitanibus
1147 838 1282 912 ib.VI.·
1308 849 1443 941 poto.
1468 871 1498 916 a.
1525 845 1576 918 in
1594 849 1712 922 Nan—

107 962 185 1033 nio
210 960 267 1033 ib.
290 958 402 1059 xm„
419 983 457 1058 p.
475 956 559 1032 569.
586 981 617 1025 a.
646 954 691 1026 in
713 955 899 1026 incerto
921 949 1085 1054 fragm.
1107 955 1224 1030 ibid.
1244 957 1288 1029 11.
1307 953 1420 1060 psstu.
1446 961 1483 1034 b.
1506 962 1711 1068 aliisque
1792 1035 1802 1056 ,

107 1080 227 1153 locis
252 1071 495 1178 plurimis,
529 1078 577 1148 in
606 1074 781 1176 quib-us
810 1101 865 1146 ne
889 1074 1040 1149 solum
1063 1077 1343 1180 Euripidem
1369 1085 1492 1155 risui
1527 1088 1712 1183 exposi-

42 1188 45 1195 Ι
76 1214 203 1298 (tum
232 1198 379 1273 luisse
403 1195 671 1285 credamus,
705 1190 933 1294 prohibet
963 1193 1094 1269 locus
1127 1199 1338 1273 incertae
1369 1202 1560 1277 fabulae
1588 1205 1712 1305 a'pud

106 1309 333 1396 Athenlt.
372 1347 409 1422 p.
430 1316 490 1396 43.
517 1343 549 1391 c.
581 1316 662 1389 ubi
689 1313 1053 1421 Chaeremonem
1092 1321 1325 1418 tragicum
1360 1327 1590 1426 exagitat,
1630 1331 1711 1427 qui

107 1456 268 1542 aquam
308 1448 498 1523 ποταμοῦ
533 1449 651 1540 σῶμα
690 1436 880 1510 dixerit:
954 1434 1106 1507 Eubulo
1133 1434 1392 1539 adjungendus
1414 1434 1473 1516 'est
1495 1441 1711 1540 Axionicus,

107 1561 172 1662 qui
198 1561 236 1632 in
253 1556 384 1632 fabula
408 1559 639 1646 Φιλενρικίδης
667 1558 834 1657 ineptum
852 1556 1079 1659 Euripideae
1098 1581 1252 1658 poeseos
1275 1584 1440 1634 amorem
1459 1562 1591 1638 riserit
1603 1563 1650 1626 4⁰·

205 1803 235 1880 β·
273 1788 375 1873 Haec
390 1812 533 1903 autem,
559 1797 607 1873 de
631 1824 705 1901 qua
730 1803 885 1901 agimus,
915 1801 1059 1877 mediae
1086 1799 1280 1877 comoedia
1304 1817 1398 1876 aetas
1424 1828 1466 1876 sc
1489 1827 1566 1877 non
1594 1808 1711 1879 conti-

105 1925 188 1996 nuit
209 1937 403 2022 poetarum
425 1922 613 1995 irrisione:
640 1925 786 2022 aperuit
809 1925 879 1998 sibi
902 1925 1016 1997 alium
1039 1923 1147 1995 etiam
1170 1948 1356 2023 campum,
1381 1925 1419 1995 in
1445 1949 1558 2025 quem
1582 1936 1712 1999 excur-

106 2070 191 2116 rere
216 2058 352 2144 posset,
388 2057 512 2116 secuta
540 2041 754 2144 Epicharmi
780 2043 1006 2143 exemplum,
1034 2039 1139 2140 cujus
1165 2039 1292 2124 fabula
1321 2041 1507 2141 quaedam
1528 2046 1574 2119 ab
1596 2048 1711 2120 Hera·

105 2166 193 2239 clito
213 2163 375 2267 Ephesio
395 2161 630 2238 denominata
649 2164 822 2257 traditur,
848 2169 887 2238 in
912 2191 987 2264 qua
1010 2177 1119 2261 poeta
1138 2160 1402 2263 philosophum
1424 2165 1533 2238 illum
1557 2166 1711 2269 ejusque

106 2284 314 2360 doctrinam
346 2280 564 2382 joculariter
599 2290 857 2386 perstrinxisse
889 2284 1071 2358 videatur.
1124 2279 1199 2355 Sed
1230 2286 1353 2354 tumen
1387 2283 1572 2361 habebant
1597 2289 1711 2362 medii

104 2417 249 2502 poetae,
287 2402 393 2499 quod
423 2409 539 2500 magis
574 2410 683 2476 etiam
713 2419 973 2502 sequerentur,
1004 2429 1089 2476 cum
1114 2416 1258 2476 veteres
1285 2404 1431 2493 comici,
1461 2407 1514 2478 uti
1542 2407 1710 2508 Eupolis,-

106 2521 293 2612 Cratinus,
313 2518 590 2617 Aristophanes,
616 2523 655 2593 in
678 2507 910 2620 philosophis
931 2516 1148 2592 deridendis
1173 2519 1335 2590 multum
1354 2509 1524 2619 occupati
1544 2524 1708 2601 fuissent.

105 2640 182 2734 Qui
208 2641 368 2711 maxime
388 2653 509 2713 autem
534 2642 768 2740 exagitantur
791 2642 830 2736 in
855 2637 927 2711 hoc
950 2663 1085 2736 genere
1108 2634 1335 2737 philosophi,
1373 2639 1399 2710 ii
1424 2655 1510 2712 sunt
1531 2667 1577 2714 ex
1601 2643 1712 2718 disci-

101 2761 208 2865 plina
229 2741 538 2833 Academicorum
563 2773 599 2831 et
619 2757 965 2858 Pythagoricorum,
992 2782 1156 2856 quorum
1181 2773 1281 2831 tanta
1305 2763 1569 2836 essetmutatio
1589 2766 1627 2837 in
1647 2793 1712 2867 pe-

103 2881 175 2983 jus,
209 2895 252 2954 ut
278 2908 299 2952 a
322 2881 458 2953 virtute
489 2879 652 2978 magistri
681 2873 835 2947 omnino
865 2876 1108 2975 degenerasse
1138 2874 1366 2953 viderentur.
1425 2876 1474 2953 At
1506 2906 1598 2972 vero
1631 2887 1709 2985 ipse
1752 2937 1754 2941 ⁴

103 3003 223 3090 Plato,
263 2998 368 3099 quod
389 3001 529 3073 mirum
557 3024 635 3072 esse
663 2996 846 3086 videatur,
883 2994 1087 3072 lacessitur.-
1105 2995 1205 3068 omni
1231 2994 1360 3086 modo,
1398 2994 1504 3096 cujus
1538 3016 1638 3077 tanta
1664 3010 1712 3081 sit

104 3125 218 3196 animi
244 3118 441 3206 subtilitas,
467 3132 567 3190 tanta
588 3115 739 3189 dicendi
764 3129 1018 3204 venustas,·ut
1041 3140 1124 3188 non·
1139 3115 1233 3188 alius
1256 3115 1366 3189 facile
1391 3108 1614 3218 reperiatur,
1641 3133 1708 3228 qui

103 3241 330 3319 contendere
358 3263 400 3311 ae
428 3235 636 3335 comparari
662 3232 761 3304 velit.
812 3229 940 3333 Adde,
964 3231 1069 3331 quod
1095 3230 1142 3304 ex
1165 3231 1266 3306 illius
1292 3233 1489 3336 disciplina
1514 3245 1621 3318 multi
1648 3275 1709 3320 ex.
1775 3261 1776 3264 ’

46 3448 57 3456 ‚
103 3365 226 3439 stitere
246 3357 460 3461 philosophi
484 3357 607 3455 magni
636 3352 819 3450 clarique,
845 3372 1009 3450 quorum
1024 3352 1230 3424 'auctoritas
1248 3349 1420 3428 latissime
1443 3375 1597 3459 pateret,
1625 3371 1709 3467 qui.

104 3513 178 3588 que
203 3486 243 3557 in
268 3483 367 3555 omni
394 3480 587 3551 literarum
612 3495 749 3572 genere
775 3470 934 3569 gloriam
963 3470 1271 3572 adipiscerentur.
1322 3473 1374 3546 lta
1397 3475 1479 3553 fieri
1506 3488 1640 3582 potuit,
1667 3507 1721 3563 ut-

103 3607 211 3680 multi
232 3630 319 3677 eum
341 3599 520 3675 admirari
544 3609 654 3694 atque
679 3593 787 3663 etiam
816 3587 950 3666 imitari
976 3592 1128 3681 vellent,
1165 3618 1289 3692 neque
1317 3593 1532 3676 dubitarent
1556 3605 1705 3683 dicendi

102 3750 218 3826 genus
242 3720 408 3822 ejusdcm
440 3719 610 3793 divinum
639 3712 830 3815 quoddam
845 3709 1051 3803 ‘dicei-esth
1085 3716 1186 3785 omni
1219 3721 1440 3813 praestantia
1466 3721 1514 3795 ad
1539 3751 1624 3802 eum
1648 3757 1706 3804 re.

102 3845 183 3919 lata.
236 3833 340 3936 Qui'n
360 3840 468 3911 etiarn
490 3835 665 3911 nonnulli
686 3835 795 3909 fateri
818 3857 895 3904 non
916 3847 1003 3905 sunt
1019 3834 1142 3923 veriti,
1162 3832 1215 3907 dii
1238 3837 1462 3912 immortales
1483 3843 1512 3915 si
1532 3869 1704 3924 sermone
1766 3869 1775 3881 '

43 3932 47 3942 Ι
103 3966 348 4066 loquerentur
367 3958 544 4049 humano,
564 3982 642 4029 non
662 3955 736 4028 alio
753 3975 923 4044 sermone
942 3953 1153 4052 principem
1173 3951 1344 4046 deorum,
1365 3955 1510 4051 Jovem,
1534 3992 1702 4063 usurum,

27 4151 30 4158 .
102 4103 224 4188 quam·
237 4082 444 4170 Platonico,
470 4077 514 4150 id
536 4075 640 4178 quod
659 4076 816 4177 legimus
839 4073 940 4173 apud
959 4073 1180 4172 Dlonysium
1202 4074 1524 4157 Halicarnassum
1543 4077 1602 4161 his
1620 4113 1703 4164 ver·

100 4204 236 4282 b53342.
260 4203 322 4291 ἤδη
345 4205 385 4271 δέ·
399 4224 496 4267 τινων
516 4193 623 4282 ineos
643 4195 705 4282 lyei
725 4195 891 4282 laydrrov,
910 4194 965 4277 u‘c,
987 4197 1019 4262 el
1034 4193 1090 4262 καί
1106 4194 1195 4283 παρὰ
1215 4201 1305 4274 θεοῖς
1323 4195 1488 4284 διάλεκτός
1508 4209 1606 4292 ἐστιν,
1623 4207 1647 4299 ᾖ
1664 4219 1700 4279 τὶ

101 4384 383 4408 ,υ--μ-

182 4485 230 4545 4⁰.
250 4479 328 4548 thid·
350 4498 419 4560 pag·
440 4475 489 4538 ⁵3·
594 4469 642 4536 ⁴1·
665 4473 731 4537 Cic·
750 4472 790 4536 de
807 4481 887 4542 oret.
903 4475 929 4536 Ι.
948 4473 997 4539 11.
1058 4414 1077 4432 γ’
1094 4473 1143 4544 lt,
1160 4475 1210 4540 De
1238 4408 1421 4542 admirabili
1447 4480 1482 4544 st
1512 4482 1638 4550 dicendi
1669 4490 1703 4550 in
1762 4424 1767 4431 ·

295 4579 520 4646 Demosthene.
541 4579 590 4644 ed
610 4579 715 4647 Reist.
735 4578 790 4641 t'oh
803 4576 857 4642 Vl.
877 4598 910 4658 p.
924 4569 1013 4644 ΝΜ.
1147 4588 1149 4593 ’
