4364 5536
935 471 1327 571 ..134·-..

285 702 351 765 τῶν
371 693 552 782 ἀνθρώπων
573 697 728 779 κέχρηται
746 696 844 778 γένος,
870 691 928 757 edu
944 685 1095 766 αλλως“
1077 716 1094 754 o
1117 684 1320 773 floetlerit’*
1292 715 1338 755 ων
1361 691 1470 757 αὐτῶν
1492 690 1672 774 διαλέγεται
1692 692 1789 775 θεὸς
1794 690 1909 779 ''llll“

286 806 438 897 Πλάτων.
492 785 597 898 Quae
630 798 767 873 deinde
797 799 1104 911 praestantissima
1136 796 1264 871 haberi
1296 798 1391 872 solet
1421 798 1551 890 dieue,
1578 826 1687 900 quae
1716 799 1893 901 plurimis

287 892 443 1021 gaudeat
470 909 800 1009 intermissionibus
827 936 863 995 et
885 935 1093 994 structurae
1114 919 1473 1020 permutationibus,
1506 948 1593 994 cum
1619 920 1800 1022 quaedam
1818 948 1895 1025 pa.-

286 1039 397 1114 riodo
425 1042 578 1134 inclusa,
602 1043 790 1143 quaedam
817 1058 920 1116 extra
943 1042 1144 1143 periodum
1169 1041 1383 1132 efferantur,
1410 1069 1572 1143 cumque
1598 1043 1714 1125 altera
1737 1069 1785 1117 ex
1802 1044 1896 1145 plu·

287 1161 392 1237 ribus
412 1165 592 1239 membris
616 1162 810 1264 periodus,
831 1163 946 1235 altera
963 1189 1009 1236 ex
1028 1161 1271 1262 paucioribus
1291 1175 1550 1261 componatur,
1576 1160 1762 1265 eandem
1751 1192 1791 1239 m
1809 1165 1898 1240 Pla·

286 1297 374 1357 tone
406 1283 600 1357 advertere
632 1286 768 1358 artium
802 1284 1065 1357 existimatores
1091 1282 1294 1356 voluerunt
1320 1299 1356 1356 et
1380 1282 1545 1356 laudare
1558 1279 1606 1341 ⁴³·
1655 1258 1715 1357 Ex
1739 1311 1826 1386 quo
1842 1289 1897 1361 iu-

208 1412 223 1422 ’“
287 1404 503 1505 telligitur,
508 1433 622 1507 quam
640 1434 728 1480 vere
755 1405 855 1479 idem
876 1404 1135 1506 philosophus,
1161 1405 1208 1479 de
1235 1432 1311 1506 quo
1340 1405 1547 1506 loquimur,
1573 1402 1725 1478 dicendi
1752 1404 1900 1519 medio(

289 1527 455 1599 critatem
475 1543 659 1602 assecutus
683 1529 741 1617 sit,
767 1528 843 1626 ¹qua
867 1526 1072 1609 sublimitas
1098 1525 1282 1625 quaedam
1300 1543 1335 1601 et
1360 1530 1516 1603 tenuitas
1546 1527 1586 1598 in
1613 1525 1817 1617 dicendo
1800 1530 1896 1605 mire

289 1661 533 1749 temperetur3
546 1649 594 1711 tt,
622 1652 660 1722 in
680 1675 797 1747 eaque
820 1661 920 1720 tanta
944 1662 997 1720 est
1021 1644 1100 1746 ejus
1120 1649 1251 1737 virtus,
1273 1664 1411 1748 quanta
1431 1652 1469 1721 in
1493 1646 1600 1720 nullo
1619 1647 1694 1719 alio
1710 1652 1898 1750 scriptore
1925 1658 1928 1663 ’

289 1771 537 1869 cognoscitur,
577 1770 642 1869 qui
677 1766 726 1839 ad
762 1765 862 1840 idem
887 1794 1003 1868 genus
1028 1768 1195 1842 studium
1219 1765 1488 1853 contuleritfffi·
1540 1767 1678 1858 Omnia
1698 1773 1899 1871 perspicua

288 1904 374 1963 suut
398 1888 567 1990 adeoque
594 1885 771 1986 jucunda,
802 1881 855 1961 *ut
875 1906 1093 1964 vernantem
1113 1890 1244 1963 florem
1266 1893 1411 1990 spirare
1435 1904 1546 1990 atque
1567 1905 1765 1990 pratorum
1780 1892 1897 1981 ,blan-

291 2008 377 2082 dam
408 2009 637 2110 mollemque
669 2037 799 2082 auram
828 2008 1002 2084 exhalare
1034 2010 1242 2084 videantur.
1309 2007 1425 2102 Quod
1458 2013 1611 2086 omnino
1644 2010 1899 2113 adjiciendum

181 2166 186 2175 ·
290 2144 357 2220 est,
382 2131 489 2231 pauci
514 2129 680 2221 suerunt,
705 2133 769 2231 qui
794 2133 900 2205 novis
924 2130 1048 2205 verbis
1069 2126 1315 2218 inveniendis,
1342 2129 1530 2204 veteribus
1550 2156 1639 2205 cum
1661 2134 1697 2207 ri
1717 2130 1895 2225 adhiben-

290 2250 361 2342 dis,
387 2252 884 2353 imaginum-pulcritudine,
912 2252 1207 2352 descriptionum
1231 2245 1503 2346 magnificentia
1528 2232 1777 2329 campinione
1800 2274 1895 2325 con·

290 2370 382 2443 ferri
415 2374 568 2471 possint,
607 2389 649 2445 ut
677 2375 811 2446 summi
841 2387 1015 2445 oratores.
1032 2369 1112 2469 ejus
1143 2369 1313 2441 doctrina
1343 2383 1551 2462 uterentur,
1561 2372 1608 2432 46.
1636 2396 1901 2473 eumqtre;u0u

291 2491 405 2566 modo
423 2489 669 2590 intelligendi,
689 2516 821 2564 verum
842 2490 951 2563 etiam
971 2486 1123 2561 dicendi
1143 2491 1403 2589 gravissimum
1421 2507 1612 2566 auctorem
1631 2505 1668 2565 et
1679 2492 1896 2591 magistrum

291 2611 526 2705 dicerent,4⁷·
551 2609 667 2711 cujus,
679 2610 876 2712 disciplina
895 2625 1060 2685 oratores
1082 2614 1260 2685 exstitisse
1279 2626 1440 2711 possent.
1478 2612 1603 2709 Quam
1621 2613 1660 2686 in
1677 2638 1760 2685 rem
1780 2610 1898 2707 Quin,-

271 2731 458 2823 tibanus,
485 2737 695 2834 ingeniosus
724 2730 873 2807 dicendi
898 2735 1085 2831 magister,
1113 2735 1162 2805 ita
1187 2731 1426 2832 disputant&
1476 2728 1899 2832 Philosophorum,

292 2881 346 2929 ex
371 2855 544 2955 quibus
570 2857 829 2954 plurimum
854 2879 907 2926 se.
925 2855 1129 2927 traxisse
1158 2852 1472 2953 eloquentiae
1497 2855 1553 2928 M.
1578 2850 1768 2929 Tullius
1790 2878 1902 2947 eon·
1938 2908 1942 2914 -

291 2976 482 3064 fitetur,
517 2977 627 3076 quis
661 2974 854 3048 dubitet
879 2971 1124 3063 Platonem
1156 2999 1256 3046 esse
1291 2977 1629 3074 praecipuum,
1664 2975 1763 3049 sive
1792 2999 1905 3049 ucu-

151 3159 160 3172 ,
291 3095 412 3174 mine
444 3091 714 3169 disserendi
747 3095 845 3166 sive
876 3088 1135 3191 eloquendi
1167 3090 1398 3166 facultate
1431 3094 1595 3169 divina
1627 3095 1825 3197 quadam
1858 3109 1905 3170 et
1946 3192 1949 3197 ι

292 3211 564 3289 llomerical
615 3211 824 3285 Multum
854 3213 975 3283 enim
1008 3239 1154 3313 supra
1177 3239 1364 3313 prosam
1387 3219 1674 3309 orationem,
1699 3232 1744 3293 et
1766 3243 1905 3319 quam

291 3336 565 3437 pedestrem
590 3333 764 3409 Graeci
790 3346 981 3423 vocant,
1005 3338 1176 3434 surgit:
1203 3351 1255 3408 ut
1279 3335 1393 3409 mihi
1419 3365 1512 3410 non
1538 3338 1745 3413 bominis
1773 3338 1903 3440 inge·

206 3498 211 3505 ·
281 3461 393 3548 nio,
426 3457 507 3532 sed
541 3453 745 3557 quodam
763 3449 997 3550 Delphico
1035 3453 1258 3559 videatur
1293 3460 1491 3533 oraculo
1530 3461 1806 3537 instinctus.
1854 3457 1906 3535 At

291 3603 382 3653 vero
408 3580 527 3652 multa
556 3580 681 3651 insunt
708 3577 748 3649 iu
772 3571 999 3675 philosophi,
1038 3597 1152 3671 quem
1176 3599 1284 3676 saepe
1311 3576 1483 3669 dicimus,
1507 3580 1810 3681 ·scriptis,.quae
1844 3605 1907 3654 re-

294 3699 583 3799 prehensionem
613 3693 775 3794 effugere
805 3717 883 3765 non
916 3706 1134 3792 potuerunt,
1174 3719 1345 3797 quaeque
1376 3699 1505 3798 paucis
1530 3695 1780 3775 describenda
1803 3713 1904 3790 sunt,

295 3835 336 3893 ut
366 3835 554 3919 appareat
597 3814 692 3919 quid
717 3815 876 3889 maxime
908 3811 957 3886 ad
985 3839 1071 3886 eum
1097 3810 1349 3890 deridendum
1374 3819 1515 3892 medios
1549 3834 1677 3958 poetas
1703 3820 1903 3927 impulerit

294 3942 465 4016 Fuerunt
510 3953 546 4012 et
603 3940 683 4037 ipsa
728 3935 890 4009 Platonis
936 3948 1051 4008 aetate
1100 3949 1137 4008 et
1186 3937 1312 4012 multis
1354 3954 1439 4038 post
1483 3943 1608 4031 annis,
1670 3943 1771 4045 qni
1789 3940 1906 4017 diale-

294 4087 359 4158 gos
390 4056 470 4162 ejus
495 4056 681 4193 calumnia
706 4040 897 4201 afficerent
920 4069 1209 4156 carperentque,
1246 4059 1276 4132 si
1305 4058 1399 4159 quid
1429 4062 1719 4163 reprehensione
1749 4060 1908 4211 dignum

378 4363 426 4425 43.
448 4365 533 4427 ldem
557 4368 596 4427 de
622 4368 847 4451 compositione
867 4367 1048 4430 verborum.
1090 4366 1161 4429 Vol.
1179 4367 1220 4433 V.
1257 4388 1326 4451 pag.
1348 4367 1417 4431 133.
1510 4370 1564 4430 44.
1581 4372 1626 4433 ld.
1647 4372 1723 4434 ibid.
1746 4394 1818 4457 pag.
1841 4368 1911 4439 187·-

407 4514 416 4533 -,
447 4494 464 4512 ..
493 4468 541 4528 45.
560 4471 610 4532 De
637 4469 824 4533 edmbabili'
841 4471 876 4533 ri
899 4467 1025 4532 dicendi
1048 4470 1082 4530 in
1100 4469 1321 4533 Demosthene.
1355 4474 1426 4534 Vol.
1440 4475 1492 4540 Vl.
1529 4496 1599 4560 pag.
1619 4474 1691 4541 905.
1772 4476 1824 4539 4⁶.
1844 4476 1911 4539 Cic.

491 4580 571 4637 orat.
595 4566 625 4633 4.
709 4572 757 4639 17.
778 4573 856 4636 lbid.
878 4571 910 4639 3.
992 4568 1041 4630 48.
1061 4571 1207 4639 Ιιιιιιιιιι.Δ
1225 4581 1307 4640 oret.
1323 4573 1365 4637 X.
1387 4575 1416 4637 1.
1436 4573 1486 4645 81.
1508 4581 1591 4643 conf.
1613 4579 1641 4643 1.
1664 4578 1733 4648 108.
1851 4614 1857 4621 ·
