4364 5536
696 439 1062 582 4181-
1196 440 1200 449 ‘

87 781 90 787 ,
117 711 292 784 orationis
309 708 552 797 festivitatem,
578 731 673 807 qnae
693 707 901 808 probabilis
922 722 958 780 et
978 721 1105 808 aperta
1127 693 1307 781 rideaturss
1325 708 1350 767 ⁷·
1387 704 1540 783 Accedit
1562 707 1706 800 eodem,
1825 761 1827 767 ·
1850 722 1852 729 ’

113 845 157 904 ut
181 828 344 918 narratio
370 826 445 917 illa,
483 854 729 928 quamsaepe
755 827 924 919 dicimus,
965 826 1161 927 conjuncte
1188 844 1222 902 et
1250 845 1420 903 contexta
1443 857 1530 904 cum
1554 830 1708 932 reliquis

113 949 260 1023 fabulae
284 948 449 1048 partibus
470 952 528 1039 sit,
558 976 603 1021 ex
630 974 707 1049 quo
732 965 907 1049 appareat
930 951 1097 1047 egregius
1121 949 1266 1039 artifex,
1288 964 1355 1039 ut,
1382 951 1445 1048 qui
1470 951 1509 1020 in
1529 948 1604 1022 'hoc
1629 948 1707 1023 lite-

114 1098 241 1144 rarum
263 1096 397 1168 genere
423 1055 603 1143 excellere
622 1071 749 1159 velint,
779 1070 945 1163 habeant,
975 1068 1079 1167 quod
1096 1087 1310 1170 sequantur,
1337 1070 1557 1169 exemplum.
1608 1050 1710 1143 Dum

115 1193 213 1264 enim
238 1191 338 1262 Simo
363 1191 486 1263 Sosiae
515 1194 681 1264 omnium
714 1192 955 1265 consiliorum
988 1189 1169 1288 participi¹
1191 1217 1343 1260 narrare
1378 1206 1518 1262 tantum
1547 1190 1707 1281 ridetur,

115 1338 210 1412 quae
236 1312 357 1408 ipsum
381 1311 523 1382 nescire
548 1310 656 1382 nolit:
681 1303 791 1385 simul
817 1337 964 1384 omnem
990 1309 1294 1383 consuetudinem
1314 1315 1409 1384 vitae
1430 1311 1614 1411 Pamphili
1636 1322 1707 1402 sui,

113 1458 235 1504 mores
261 1446 370 1529 atque
398 1426 588 1528 ingeniuin
612 1433 744 1531 pingit,
770 1422 924 1503 naturae
947 1414 1148 1505 bonitatem
1172 1431 1308 1532 laudat,
1334 1448 1386 1521 ut,
1414 1459 1488 1534 quo
1513 1437 1628 1534 magis
1652 1434 1706 1507 illi

114 1552 291 1641 favemus,
319 1573 362 1622 eo
387 1549 533 1622 facilius
559 1551 657 1623 illius
683 1567 819 1624 sortem
845 1566 970 1650 postea
990 1550 1193 1638 doleamus,
1214 1576 1299 1622 cum
1319 1555 1598 1649 cognoverimus
1620 1581 1709 1627 eun·

113 1672 199 1747 dem
226 1672 427 1744 sollicitum
457 1686 492 1743 et
516 1673 711 1766 incertum,
737 1688 862 1745 utrum
887 1671 1025 1772 pudori
1050 1672 1287 1773 obsequatur,
1325 1699 1372 1744 an
1398 1676 1525 1746 amori.
1586 1673 1708 1776 Atque

112 1792 214 1872 idem
252 1804 370 1890 pater,
413 1787 517 1887 cujus
551 1793 693 1868 animus
722 1794 785 1865 ira
822 1797 991 1867 incensus
1031 1793 1155 1882 luerit,
1199 1793 1324 1868 iaudat
1372 1797 1479 1867 etiam
1520 1793 1709 1869 honestam
1748 1887 1749 1891 Ἰ

115 1911 281 2010 Glycerii
308 1910 574 2013 liberalemque
594 1913 765 2002 formam,
791 1916 957 2012 quamvis
977 1913 1023 1985 ab
1046 1941 1087 1986 ea
1108 1927 1272 1985 metuere
1291 1912 1471 1991 videatur.
1523 1915 1709 1989 Describit

115 2036 223 2107 etiem
242 2034 350 2122 Dari,
392 2028 497 2131 cujus
532 2023 571 2102 in
598 2029 667 2103 hac
696 2030 832 2105 fabula
848 2036 1068 2133 praecipuae
1094 2048 1216 2132 partes
1240 2046 1339 2122 sunt,
1369 2031 1512 2104 malam
1534 2050 1706 2126 mentem,

111 2153 253 2228 malum
275 2154 456 2246 animum,
481 2177 604 2251 neque
631 2153 807 2250 ignorare
828 2152 910 2224 vult
936 2152 1143 2242 Chremeta,
1170 2142 1334 2252 quocum
1355 2153 1473 2224 omnis
1498 2176 1557 2225 res
1578 2156 1709 2229 transi-

112 2275 233 2373 genda
258 2290 346 2365 erat,
378 2301 506 2348 omnes
534 2254 676 2346 consilii
705 2273 875 2360 rationes,
910 2298 1004 2360 rem,
1040 2274 1091 2344 uti
1116 2287 1214 2371 gesta
1234 2287 1323 2363 erat,
1367 2271 1598 2372 exponendo.
1649 2276 1708 2350 Ex

112 2390 169 2464 his
199 2391 370 2462 omnibus
398 2394 570 2477 elucebit,
609 2396 746 2485 optime
773 2420 853 2460 rem
880 2390 1029 2478 hebere,
1066 2406 1107 2464 ut
1129 2392 1288 2483 fabulae,
1328 2392 1375 2466 de
1399 2419 1476 2491 qua
1506 2393 1707 2497 loquimur,

112 2511 321 2612 primordia
346 2509 442 2580 bene
468 2501 666 2578 cohaerere
687 2531 773 2577 cum
794 2507 948 2604 reliquis
971 2505 1137 2604 ejusdem
1154 2510 1323 2606 partibus
1345 2510 1539 2586 videantur
1558 2517 1707 2617 vimque

113 2657 218 2705 suam
240 2629 393 2720 habere3
421 2623 524 2727 quod
547 2623 648 2697 idem
671 2621 745 2725 dici
772 2622 883 2696 debet
908 2622 955 2732 de
975 2627 1102 2700 ceteris
1124 2626 1273 2701 fabulis.v

211 2866 326 2960 Quod
348 2882 470 2940 autem
495 2868 646 2938 omnino
681 2847 926 2937 intelleximus
951 2866 991 2939 in
1015 2881 1092 2940 toto
1117 2868 1330 2945 comoediae
1352 2897 1499 2971 genere,
1538 2875 1707 2955 habuisse

112 2990 208 3061 vitae
242 3003 439 3088 praecepta
472 2983 695 3087 philosopho
718 3009 799 3055 non*
819 2983 971 3084 indigna
996 2989 1144 3089 aliaque
1174 2991 1303 3082 multe,
1328 3015 1436 3090 'quae
1459 2993 1707 3101 philosophici

113 3109 257 3209 generis
274 3131 277 3135 ·
292 3111 379 3196 sint,
405 3104 506 3179 idem
531 3109 692 3205 pertinet
723 3104 771 3174 ad
787 3099 1084 3185 describendam
1116 3107 1262 3180 fabulae
1301 3119 1494 3206 οἰκονομίαν,
1520 3146 1615 3220 quae
1638 3151 1708 3222 per

29 3265 40 3273 ·
111 3245 225 3303 certas
247 3243 369 3328 partes
400 3223 518 3298 dividi
545 3222 668 3295 soleat.
719 3223 846 3296 Prima
877 3252 964 3324 pars
992 3241 1045 3300 est
1067 3231 1236 3328 protasis,
1265 3232 1303 3302 in
1329 3258 1403 3331 qua
1430 3241 1595 3313 cernitur
1629 3247 1707 3343 pri-

110 3375 193 3423 mus
231 3364 331 3422 octus
356 3340 788 3440 initiumque‘dramatiS,
830 3359 869 3417 ut
897 3347 1078 3421 nonnulla
1105 3367 1353 3441 reserventur,
1393 3380 1470 3455 quo
1503 3355 1624 3457 major
1662 3365 1709 3436 sit

112 3471 341 3569 exspectatio.
392 3465 519 3538 Altera
544 3477 678 3552 autem,
708 3490 804 3564 quae
830 3468 988 3567 Epitasis
1014 3469 1238 3571 plerumque
1261 3470 1412 3562 dicitur,
1439 3476 1708 3554 incrementum

112 3604 166 3662 est
199 3611 467 3689 processusque
495 3584 692 3656 turbarum
734 3600 769 3658 et
803 3592 913 3662 totius
952 3590 1074 3664 nodus
1113 3595 1264 3687 erroris.
1322 3592 1574 3694 Catastrophe,
1612 3624 1706 3698 quae

111 3711 217 3811 tertia
241 3724 417 3806 estpars,
454 3700 612 3774 habetur
638 3711 832 3781 conversio
851 3738 978 3784 rerum
1003 3709 1051 3782 ad
1082 3708 1267 3809 jucundos
1300 3715 1431 3804 exitus,
1456 3739 1542 3786 cum
1566 3739 1706 3811 omnes,

110 3828 204 3929 quid
228 3827 297 3900 sibi
324 3824 632 3923 volueritpoeta,
672 3843 798 3926 aperte
833 3830 1093 3902 intellexerint.
1108 3830 1140 3938 ⁸3
1177 3832 1312 3921 Restat,
1351 3855 1426 3931 quo
1452 3836 1572 3909 omnis
1597 3837 1706 3940 hujus

112 3952 164 4020 rei
193 3948 358 4048 quaestio
396 3943 623 4034 absolvatur,
659 3959 700 4018 ut
737 3973 781 4031 ee
815 3950 923 4020 etiam
954 3975 1040 4048 pars
1067 3967 1389 4043 commemoretur,
1415 3981 1527 4054 quam
1550 3962 1707 4051 πρόλογον

112 4066 245 4153 Graeci
281 4065 405 4138 dicere
431 4066 565 4158 solent,
603 4094 773 4169 quaeque
807 4069 846 4140 in
872 4066 1009 4141 fabulis
1043 4070 1268 4146 adornandis
1298 4074 1412 4175 vulgo
1445 4075 1608 4152 adhibita
1640 4097 1705 4172 est,

111 4187 225 4260 adeo
252 4203 314 4260 eut
347 4212 506 4287 persona
539 4189 737 4290 allegorica
779 4201 877 4263 acta..
934 4187 987 4259 Ita
1015 4190 1113 4260 enim
1139 4194 1345 4292 accepimus
1372 4196 1623 4274 Menandrum
1651 4204 1706 4275 in-

110 4308 256 4383 duxisse
283 4311 322 4381 in
345 4336 493 4385 scenam
509 4315 664 4404 Ἔλεγχον,
695 4307 798 4411 quod
824 4307 934 4382 simili
959 4306 1073 4403 modo
1099 4308 1250 4385 Plautus
1287 4315 1477 4392 nonnullis
1502 4317 1541 4393 in
1568 4319 1705 4398 fabulis

199 4575 224 4634 7.
247 4576 392 4640 Deerat
415 4580 451 4640 11.
471 4575 521 4641 80.
607 4578 633 4638 8.
652 4575 792 4641 Emntb.
808 4576 852 4650 ¹de
871 4598 950 4642 com.
969 4585 1007 4644 et
1023 4590 1101 4665 trag.
1122 4600 1192 4666 pag.
1210 4578 1251 4644 29
1270 4589 1305 4646 et
1323 4579 1375 4646 ³1.
1497 4558 1502 4571 ⁵
