4364 5536
302 1891 525 2060 Quantum
549 1973 639 2049 mihi
672 1975 784 2050 studii
818 1975 940 2050 attulit
963 1990 1121 2078 tempus,
1162 1997 1239 2076 quo
1264 1986 1464 2075 occupatus
1491 1997 1593 2049 eram
1627 1975 1667 2048 in
1702 1969 1756 2068 re',
1789 1965 1903 2080 quam

302 2119 489 2194 propono,
516 2097 748 2199 explicanda,
774 2114 918 2173 tantum
937 2096 1044 2172 nunc
1065 2096 1226 2172 detrahit
1249 2098 1374 2189 timor,
1395 2125 1443 2170 ne
1468 2121 1545 2171 non
1571 2100 1668 2191 satis,
1690 2098 1902 2199 qualecum-
1975 2178 1978 2187 ,

301 2239 376 2314 que
415 2216 584 2310 effecero,
622 2221 718 2294 tueri
753 2222 892 2320 possim
934 2236 1045 2322 atque
1079 2223 1189 2295 etiam
1217 2217 1487 2294 commendare.
1539 2220 1662 2292 Erunt
1686 2221 1797 2311 enim,
1835 2219 1901 2319 qui

213 2402 216 2409 .
300 2336 410 2410 valde
435 2342 632 2444 mirentur,
668 2341 763 2442 quid
788 2345 846 2434 sit,
875 2343 980 2444 quod
1004 2371 1063 2417 me
1090 2343 1137 2417 ad
1163 2339 1547 2418 scribendi'studium
1572 2341 1809 2429 contulerim,
1841 2341 1901 2428 cui

300 2459 470 2529 muneris
492 2458 615 2535 officia
633 2463 707 2535 sint
731 2464 928 2564 explenda,
955 2490 1144 2565 quemque
1170 2477 1340 2562 oporteat
1373 2465 1411 2536 in
1447 2464 1578 2537 litteris
1605 2477 1724 2536 totum
1748 2463 1903 2552 versari,

303 2572 380 2672 quo
406 2573 551 2646 facilius
569 2605 806 2672 compensare
825 2585 942 2682 possit
959 2583 1138 2653 caecitatis
1160 2574 1434 2655 detrimentum.
1487 2581 1593 2677 Quid
1611 2580 1727 2655 verol
1751 2585 1781 2655 si
1806 2581 1903 2654 forte

299 2692 452 2763 tertium
488 2689 697 2788 adjiciatur,
735 2682 840 2789 quod
864 2693 1102 2787 praeclarum
1127 2699 1229 2788 apud
1256 2701 1452 2795 lloratium
1483 2714 1549 2782 est,
1579 2701 1604 2760 ¹·
1638 2726 1686 2768 ne
1715 2703 1798 2794 quis
1823 2725 1904 2772 rem

201 2888 218 2907 ,
299 2811 487 2911 suscipiat,
523 2809 674 2909 qualem
707 2807 880 2880 facultate
923 2806 1101 2905 consequi
1130 2804 1319 2882 difficilius
1344 2811 1403 2900 sit,
1425 2824 1486 2884 aut
1506 2810 1554 2884 ad
1574 2813 1817 2887 scribendum
1840 2841 1904 2889 cu·

300 2961 384 3007 ram
400 2945 601 3021 convertat,
622 2932 692 3004 nisi
717 2932 917 3004 instructus
938 2928 1075 3027 ingenii
1099 2928 1342 3026 praestantia?
1392 2931 1441 3003 Et
1465 2928 1536 3005 hoc
1559 2933 1715 3032 quidem
1735 2963 1802 3038 ego
1827 2964 1904 3012 om·
1972 2993 1974 2996 <

299 3060 391 3135 nino
426 3051 672 3154 rejiciendum
703 3052 867 3124 arbitror
893 3049 942 3122 ad
973 3047 1158 3149 judicium
1194 3048 1392 3122 doctorum
1415 3063 1526 3150 atque
1550 3055 1804 3153 prudentium
1832 3042 1929 3144 'At

298 3156 397 3253 vero*
427 3175 599 3248 omnibus
627 3174 691 3263 eis,
717 3197 812 3271 quae
838 3171 961 3270 prima
994 3171 1118 3268 posui,
1154 3170 1404 3247 satisfactum
1440 3177 1585 3273 putavi3
1624 3177 1725 3252 unde
1751 3179 1904 3255 facultas

301 3299 387 3374 data
419 3310 524 3387 esset,
561 3323 637 3397 qua
665 3320 745 3366 rem
784 3294 893 3365 etiam
932 3288 1185 3363 difficiliorem
1227 3288 1377 3388 aggredi
1416 3317 1573 3390 possem.
1626 3295 1713 3391 Quo
1745 3301 1904 3372 maxime

299 3435 422 3501 autem
446 3417 494 3491 ad
514 3416 568 3508 id,
593 3415 698 3517 quod
718 3415 871 3503 institui,
897 3411 1078 3515 impulsus
1103 3438 1203 3495 suin:
1226 3410 1388 3509 experiri
1409 3410 1526 3501 volui,
1551 3425 1679 3489 utrum
1698 3433 1798 3492 recte
1822 3447 1905 3494 sen·

278 3544 426 3631 tireut,
451 3567 496 3612 an
523 3539 659 3627 minus,
685 3537 751 3636 qui
779 3560 927 3612 omnem
950 3532 1074 3634 pulcri
1109 3531 1328 3631 honestique
1353 3556 1502 3605 sensum
1523 3537 1686 3632 perverti
1723 3541 1903 3636 putarint,

300 3669 330 3741 si
351 3666 436 3765 quis
470 3660 517 3734 ad
551 3658 713 3734 Graecas
738 3653 960 3745 comoedias,
992 3678 1034 3728 ac
1061 3656 1269 3755 praecipue
1287 3650 1574 3751 Aristophaneas
1609 3680 1648 3727 se
1688 3658 1901 3758 applicaret,

299 3789 440 3887 Ecquis
472 3809 550 3856 non
576 3781 723 3881 gravius
756 3776 1043 3851 commoveatur*
1060 3771 1241 3874 ejusmodi
1280 3777 1473 3864 sententia,
1497 3776 1536 3847 in
1563 3800 1638 3874 qua
1662 3802 1797 3876 parum
1822 3785 1901 3855 veri
1956 3857 1961 3864 ,

303 3911 419 3982 inesse
437 3900 633 3979 videatur?
684 3898 800 3995 Quod
820 3923 1048 3999 quamquam
1072 3897 1121 3988 ita
1141 3908 1195 3967 est
1221 3895 1259 3967 in
1287 3910 1481 3997 promptu,
1503 3910 1545 3969 ut
1566 3895 1815 3997 disputatione
1839 3905 1903 3976 vix

302 4042 416 4132 egeat,
436 4041 559 4114 tamen
585 4023 706 4123 placet
731 4048 811 4094 rem
836 4021 952 4093 altius·
970 4032 1150 4120 repetere,
1178 4041 1254 4117 quo
1280 4020 1396 4118 magis
1423 4016 1575 4110 eluceat,
1596 4035 1638 4094 ut
1659 4035 1800 4098 taceam
1827 4051 1900 4117 eos,

303 4176 468 4255 quorum
486 4145 730 4245 exemplouti
754 4167 912 4243 possem,
938 4144 967 4217 si
988 4141 1134 4215 vellem.
1187 4137 1283 4212 Cum
1302 4139 1363 4211 alii
1390 4140 1489 4211 enim
1507 4152 1588 4212 tum
1604 4145 1762 4215 maxime
1782 4142 1903 4247 Chry-

299 4271 482 4349 'sostomus
509 4265 601 4340 adeo
624 4264 825 4340 delectatus
852 4287 929 4338 esse
955 4260 1118 4336 traditur
1141 4255 1397 4358 Aristophanis
1425 4258 1594 4352 lectione,
1620 4276 1662 4335 ut
1692 4288 1839 4365 semper
1863 4267 1902 4338 in

306 4448 590 4481 “r—-

390 4560 413 4614 ι.
427 4515 532 4638 'upra
552 4549 592 4612 aa
611 4547 715 4611 raon.
735 4568 764 4607 v.
783 4528 833 4607 aa.
948 4631 951 4634 Ι
