4364 5536
828 419 1304 561 'ffers

285 669 402 770 ligere
427 672 566 759 volent,
590 670 697 743 nullo
722 668 835 744 modo
861 669 1053 744 debebunt
1074 668 1291 769 opinionem
1312 681 1435 742 mente
1460 665 1534 769 jam
1557 665 1888 768 comprehendisse

287 788 335 863 de
359 788 616 891 philosophiae
633 792 819 892 principe,
847 791 995 892 qualem
1014 805 1052 864 'et
1069 785 1284 888 Xenophon
1309 801 1345 859 et
1362 786 1467 859 Plato
1486 791 1698 888 exprimere
1716 811 1797 862 non
1818 787 1890 865 du·

272 910 461 995 bitarunt
512 911 657 983 Eorum
682 915 780 985 enim
805 912 872 985 ille
898 914 947 985 ita
972 919 1057 984 eum
1084 906 1260 1010 effingere
1287 906 1423 999 studet,
1463 924 1506 982 ut
1528 908 1662 984 doctor
1686 909 1888 1011 populum
1913 994 1917 1005 ,

288 1025 479 1121 habeatur,
505 1028 610 1133 cujus
631 1033 770 1107 utilitas
796 1036 834 1107 in
861 1037 1053 1108 universos
1073 1029 1274 1121 redundet,
1299 1043 1335 1101 et
1357 1026 1482 1119 homo,
1519 1030 1585 1131 qui
1606 1052 1750 1113 summa
1772 1026 1892 1107 hone·

286 1154 386 1224 statis
400 1151 520 1226 ‘laude
536 1154 711 1247 excellat3
741 1156 847 1229 Plato
874 1171 996 1231 autem
1021 1152 1177 1228 eandem
1199 1176 1399 1255 personam
1422 1149 1533 1248 longe
1562 1148 1673 1222 aliam
1687 1196 1690 1201 ,
1705 1146 1809 1240 fecit,
1824 1151 1893 1227 {in-
1918 1172 1921 1177 ’

289 1269 465 1348 formavit
503 1278 602 1349 enim
633 1277 757 1368 talem,
798 1279 864 1378 qui
903 1302 1033 1352 rerum
1062 1292 1233 1350 naturam
1268 1272 1548 1374 diligentissime
1581 1271 1829 1372 investigaret·
1851 1282 1895 1348 b

290 1410 497 1492 quaereret,
525 1398 620 1498 quid
646 1401 684 1471 in
704 1397 941 1501 philosophia
964 1423 1037 1499 pro
1060 1422 1152 1471 vero
1177 1395 1307 1470 haberi
1331 1395 1459 1496 possit,
1484 1407 1526 1465 ut
1548 1394 1631 1493 ipse
1655 1390 1910 1497 philosophie·

290 1514 390 1590 illius
414 1521 535 1593 aetatis
561 1535 784 1620 opponatur.
837 1518 1075 1619 Quamquam
1100 1531 1221 1591 autem
1246 1519 1418 1616 antiquae
1443 1513 1657 1588 comoediae
1683 1530 1818 1589 natura
1843 1517 1895 1591 ita

288 1635 442 1730 ferebat,
484 1653 525 1712 ut
547 1642 657 1713 etiam
682 1637 895 1741 philosophi
932 1636 1210 1730 deriderentur,
1249 1636 1355 1740 quod
1387 1650 1423 1711 et
1450 1633 1605 1710 Cratetis
1631 1650 1667 1709 et
1692 1635 1896 1737 Eupolidis
1935 1688 1939 1695 -

290 1757 460 1858 exemplo
479 1759 633 1859 probari
661 1775 793 1861 potest,
822 1784 987 1861 quorum
1013 1759 1076 1833 ille
1102 1761 1332 1860 Hipponem,
1356 1754 1417 1829 hic
1441 1758 1631 1835 Socratem
1654 1754 1896 1834 vehementer
1962 1740 1972 1754 ⁶

290 1877 457 1952 laeserat:
492 1894 614 1952 tamma
646 1881 839 1970 miramur,
879 1875 975 1978 quid
1005 1880 1064 1969 sit,
1106 1877 1212 1980 quod
1235 1873 1500 1977 Aristophanes
1525 1875 1715 1954 bominem
1739 1904 1896 1981 carpere

292 1997 466 2090 voluerit,
497 2003 563 2102 qui
589 2004 733 2100 primus
759 2030 779 2073 a
805 2001 916 2075 rebus
940 1994 1093 2073 occultis
1128 2013 1165 2072 et
1193 1997 1239 2069 ab
1267 1999 1501 2105 ipsanatura
1525 1999 1719 2090 involutis,
1745 2002 1789 2073 in
1809 2001 1895 2101 qui·
1973 2061 1983 2069 ..

288 2117 359 2192 bus
384 2144 510 2192 omnes
533 2136 615 2201 ante
642 2149 727 2195 eum
749 2119 963 2222 philosophi
986 2120 1156 2222 occupati
1178 2119 1349 2211 ⁴suerunt,
1381 2121 1589 2209 avocavisse
1615 2118 1896 2223 philosophiam

290 2251 327 2310 et
356 2237 405 2312 ad
434 2242 547 2314 vitam
576 2269 808 2316 communem
834 2241 1031 2317 adduxisse
1057 2238 1328 2329 videatur,1³⁰·
1354 2256 1396 2314 ut
1421 2257 1521 2315 recte
1546 2269 1628 2317 eam
1650 2240 1846 2319 devocasse
1871 2271 1895 2317 e

291 2360 409 2450 coelo,
436 2378 472 2435 et
493 2367 532 2434 in
557 2363 716 2435 urbibus
741 2362 953 2456 collocasse,
979 2379 1014 2437 et
1040 2362 1078 2433 in
1097 2358 1228 2433 domos
1255 2361 1364 2434 etiam
1389 2363 1653 2456 introduxisse,
1680 2379 1716 2439 et
1735 2367 1897 2467 coegisse

292 2480 339 2560 de
356 2484 430 2554 vita
446 2496 481 2554 et
501 2481 669 2575 moribus
691 2481 880 2581 rebusque
899 2481 1008 2556 bonis
1027 2496 1063 2556 e't
1082 2481 1188 2555 malis
1211 2507 1391 2581 quaerere
1411 2496 1574 2583 putetur.
1588 2486 1651 2544 ¹³2
1700 2488 1897 2563 Summum

271 2605 390 2710 *enim
414 2604 533 2675 omnis
558 2599 817 2703 philosophiae
844 2589 963 2692 duxit,
1006 2616 1047 2677 ut
1069 2604 1168 2676 viam
1190 2617 1426 2695 monstraret,
1462 2631 1537 2706 qua
1563 2603 1674 2680 bomo
1698 2606 1751 2699 id,
1768 2608 1897 2710 ,quod

291 2740 462 2797 naturam
485 2752 590 2797 suam
609 2726 766 2795 maxime
786 2726 1057 2827 attinge1·et,.et
1079 2747 1301 2822 cognoscere
1326 2739 1363 2797 et
1383 2722 1565 2827 perlicere
1581 2743 1718 2830 posset,
1729 2728 1795 2794 ¹³²·
1817 2756 1897 2807 non

292 2845 436 2919 sublato
475 2843 630 2918 deorum
670 2844 788 2934 cultu,
833 2869 948 2943 quem
977 2845 1139 2917 'omnino
1178 2844 1404 2919 servandum
1441 2870 1518 2919 esse
1556 2846 1819 2923 arbitrabatur.
1834 2850 1898 2910 ¹³³·
1948 2906 1954 2915 ,

293 2965 474 3039 Omnium
497 2982 616 3038 autem
645 2967 792 3054 artium,
820 2966 956 3065 quibus
985 2967 1127 3038 animus
1155 2963 1317 3041 hominis
1338 2969 1465 3042 ornari
1492 2984 1631 3069 posset,
1655 2968 1800 3065 nullam
1824 2973 1899 3046 uti·

294 3088 426 3159 liorem
448 3085 568 3186 ajebat
586 3114 675 3176 esse,
693 3082 835 3160 nullam
853 3083 1124 3177 difficiliorem,
1143 3112 1256 3188 quam
1274 3111 1366 3177 eam,
1392 3113 1467 3187 qua
1486 3104 1630 3165 nosmet
1652 3093 1751 3192 ipsos
1770 3117 1901 3168 nosue·

294 3235 431 3299 remus,
459 3209 507 3283 ad
533 3236 645 3310 quam
671 3208 866 3283 colendam
891 3214 1016 3310 ipsum
1030 3207 1245 3309 Apollinem
1271 3207 1468 3283 cohortari.
1484 3205 1549 3273 134.
1601 3211 1707 3308 Quae
1733 3211 1901 3290 breviter

228 3338 230 3343 ’
293 3329 478 3430 disputata
502 3335 585 3406 satis
613 3332 812 3422 docebunt,
838 3356 950 3432 quam
977 3327 1136 3400 multum
1161 3328 1308 3404 differat
1333 3330 1578 3434 philosophus
1604 3360 1624 3404 a
1648 3329 1900 3436 Xenophonte
1938 3370 1944 3378 ·

295 3467 331 3524 et
355 3451 507 3525 Platone
528 3451 738 3553 descriptus
763 3451 809 3524 ab
828 3447 1114 3548 Aristophaneo,
1138 3450 1261 3550 qualis
1283 3453 1321 3525 in
1341 3452 1512 3526 Nubibus
1537 3453 1757 3554 exagitatum
1783 3480 1901 3556 qnam

295 3575 403 3648 multi
431 3573 514 3674 jure
540 3575 815 3673 quaesiverunt,
851 3569 1168 3671 quemadmodum
1206 3599 1320 3674 supra
1353 3572 1447 3664 dixi,
1490 3571 1587 3674 quid
1612 3589 1765 3676 poetam
1797 3600 1902 3649 oom-
1986 3570 1995 3579 ’

294 3719 445 3770 movere
471 3699 647 3798 potuerit,
674 3711 716 3769 ut
736 3695 895 3768 Socratis
921 3695 1072 3775 nomine
1088 3708 1211 3793 atque
1237 3697 1395 3796 imagine
1420 3709 1601 3786 uteretur,
1627 3720 1712 3770 eum
1734 3690 1905 3797 praesen

295 3820 361 3891 tim
384 3818 503 3917 plebis
530 3817 731 3893 multitudo
763 3842 852 3889 vera
877 3841 963 3889 cum
988 3813 1091 3910 falsis
1121 3816 1275 3888 miscere
1299 3811 1425 3888 soleat
1478 3815 1676 3919 Quicquid
1701 3831 1767 3922 est,
1793 3819 1913 3922 quod!

296 3939 345 4014 de
368 3952 498 4040 poetae
525 3941 680 4015 consilio
705 3938 927 4042 judicemus,
953 3962 1030 4010 non
1053 3931 1276 4011 *assenserim
1302 3935 1504 4010 Hermanni
1528 3942 1743 4033 sententiae,
1766 3936 1835 4043 qui
1863 3944 1904 4017 in

295 4058 462 4133 Nubium
486 4057 651 4134 editione
677 4064 726 4134 ita
749 4059 936 4161 praefatus
958 4074 1027 4134 est:
1048 4061 1114 4122 ¹3⁵·
1165 4056 1363 4156 Quodsi
1393 4059 1497 4160 quis
1521 4046 1747 4154 miretur,
1784 4063 1904 4166 quid

292 4183 584 4202 m

380 4249 444 4305 1³0.
467 4249 532 4309 Cic.
550 4245 695 4308 hosdem.
718 4248 847 4324 Quaest.
878 4247 899 4323 l,
924 4237 954 4305 4.
1062 4249 1125 4308 13¹.
1144 4247 1188 4309 ld.
1211 4247 1381 4309 Tusculan.
1403 4238 1533 4328 Quaest.
1552 4251 1591 4343 V,
1613 4242 1657 4315 4(
1753 4248 1905 4319 ¹³21·-

493 4349 588 4430 noph.
608 4350 821 4430 memorant,
855 4349 883 4410 l.
913 4344 965 4426 IV,
995 4346 1026 4411 7.
1056 4348 1125 4412 133.
1157 4350 1201 4412 ld.
1231 4352 1254 4412 b
1288 4351 1315 4411 1.
1343 4353 1364 4429 l,
1392 4348 1421 4413 ³.
1445 4350 1496 4412 lv.
1527 4351 1559 4416 3.
1655 4355 1720 4417 134.
1740 4357 1785 4420 ld.
1796 4356 1857 4422 Ν.
1876 4357 1907 4420 2.

498 4452 561 4510 1³⁶.
595 4449 810 4535 Aristophanis
839 4453 942 4518 Nubes
975 4472 1048 4517 cnm
1078 4454 1212 4518 scholiis
1238 4476 1358 4520 moeni.
1400 4454 1438 4516 G.
1459 4453 1665 4523 Hermonem.
1706 4460 1791 4546 Lips.
1815 4460 1909 4527 1799.

497 4576 568 4640 paq.
588 4555 707 4619 xxxi
725 4557 857 4620 xxxu
