4364 5536
929 434 1368 575 -142-'

256 680 259 685 ’
286 702 485 778 nunciat
511 651 741 780 iet-770.
793 699 893 796 Quo
914 688 1041 776 facto
1066 698 1240 785 Plutus
1263 699 1498 772 caecitate
1524 697 1765 775 liberatus
1790 701 1900 803 ipse,

288 824 336 897 in
360 841 546 899 scenam
580 820 747 922 prodit
780 835 822 894 et
852 818 964 895 inde
989 819 1174 894 domum
1198 816 1444 920 Chremyli
1479 821 1630 892 intra't
1656 828 1891 909 771-881.

287 944 387 1018 Jam
411 942 548 1017 Cario
575 954 771 1016 en'arrat
794 940 960 1031 choro,
985 965 1102 1040 quae
1128 940 1249 1013 bona
1272 963 1424 1014 novus
1451 939 1565 1014 deus
1589 940 1783 1025 aedibus
1809 941 1896 1019 do·

241 1048 244 1052 A
287 1065 404 1149 mini
432 1065 662 1139 intulerit
686 1071 920 1161 sote-822.
973 1063 1088 1136 Tum
1117 1063 1195 1134 vir
1229 1058 1407 1160 justus,
1448 1088 1470 1133 a
1500 1061 1643 1136 Pluto
1674 1086 1774 1135 non·
1802 1090 1898 1139 am·-

288 1183 417 1283 plius
452 1211 591 1260 caeco
622 1185 757 1259 dives
788 1185 966 1275 factus,
1006 1182 1062 1256 ad
1096 1185 1271 1283 gratias
1302 1182 1386 1256 deo
1421 1181 1659 1259 munifico
1690 1183 1896 1284 agendas

289 1304 477 1381 accedit
507 1322 551 1380 et
582 1331 683 1381 cum
713 1302 961 1404 Chremylo
995 1303 1122 1379 foras
1153 1305 1377 1378 veniente
1406 1283 1653 1379 sermones
1686 1305 1894 1384 confert:

289 1425 578 1527 sycophanta
608 1442 782 1517 autem,
813 1423 866 1497 ab
898 1420 1060 1497 eodem
1092 1422 1178 1497 deo
1210 1422 1266 1496 ad
1295 1437 1627 1524 paupertatem
1651 1425 1895 1523 redactus,

143 1572 147 1579 ·
185 1538 199 1551 ”
289 1546 484 1622 multum
510 1551 732 1649 queritur
759 1563 803 1621 et
826 1545 1134 1634 lamentatur,
1156 1543 1236 1643 qui
1262 1558 1310 1618 ut
1334 1544 1456 1618 male
1481 1540 1718 1624 tractatus
1743 1550 1896 1651 abigi·

289 1679 387 1757 tur,
427 1667 490 1740 ita
517 1669 592 1740 vir
626 1664 780 1766 justus
818 1693 841 1738 a
870 1662 1124 1764 Chremylo
1160 1664 1288 1739 intus
1317 1664 1377 1739 ad
1404 1665 1594 1740 Plutum
1625 1663 1897 1744 deducitur

289 1795 422 1866 803-
432 1795 524 1866 958
569 1785 846 1889 Chremylus
879 1785 1021 1886 paulo
1054 1800 1160 1919 post
1190 1812 1352 1861 rursus
1378 1787 1629 1862 inscenam
1652 1789 1897 1889 procedit,

291 1932 393 1981 cum
415 1908 576 1983 vetula
602 1907 797 2009 quadam
820 1908 1029 2005 viroque
1061 1904 1234 2005 juvene
1267 1905 1459 2007 jocatur.
1495 1932 1673 2009 eosque
1704 1909 1761 1985 ad
1785 1910 1897 1985 Plu-

289 2043 387 2102 tum
418 2029 675 2104 tendentes
707 2030 965 2102 comitatur
997 2032 1132 2105 965-
1145 2033 1229 2104 996.
1281 2031 1511 2130 Sequitur
1541 2027 1761 2129 Curionis
1791 2054 1897 2107 oum

291 2150 535 2224 Mercurio
558 2165 696 2250 atque
715 2120 953 2249 Chremyli
977 2174 1077 2221 cum
1099 2148 1343 2234 sacerdote
1361 2146 1891 2250 colloquium,etomnes

292 2294 343 2343 eo
384 2270 572 2345 tandem
619 2268 939 2358 consentiunt,
1003 2266 1245 2341 Plutum
1236 2296 1283 2340 ιιι
1315 2270 1559 2343 Minervae
1598 2273 1896 2359 ὁπισθόδὸμαν

258 2427 261 2434 =
292 2389 622 2463 deducendum
652 2412 765 2461 esse.
817 2385 1028 2459 Solemni
1064 2409 1251 2485 pompa,
1284 2389 1362 2459 cui
1389 2413 1434 2460 se
1463 2386 1637 2463 chorus
1655 2384 1897 2493 adjungit

291 2506 453 2581 fabula
476 2507 663 2583 finitur.
716 2505 841 2601 Quam
863 2532 1006 2607 supra
1002 2506 1163 2580 diximus
1186 2508 1338 2582 actionis
1363 2484 1645 2609 simplicitatem,
1677 2508 1799 2610 qualis
1822 2534 1897 2583 me·

291 2628 388 2703 dio
380 2658 418 2703 ιιι
442 2656 576 2731 genere
599 2632 660 2719 sit,
696 2626 825 2702 eadem
849 2629 1018 2701 cernitur
1042 2630 1081 2700 in
1107 2627 1238 2718 Aeolo,
1273 2625 1378 2727 cujus
1409 2630 1591 2703 actionem
1613 2627 1865 2702 Grauertus
1856 2654 1894 2701 ιιι

293 2749 505 2850 disputione
541 2748 766 2821 nobilissima
798 2750 1064 2821 reconcinnare
1097 2774 1144 2821 ex
1175 2747 1313 2821 Ovidio
1343 2749 1497 2842 studuit,
1533 2748 1680 2825 assiduo
1704 2745 1894 2848 Euripidis

295 2874 488 2945 imitatore.
501 2871 526 2926 ²·
573 2868 693 2961 Quale
714 2881 836 2941 autem
859 2864 973 2938 fuerit
991 2864 1096 2939 Aeoli
1122 2883 1395 2968 argumentum,
1418 2867 1524 2969 cujus
1544 2884 1676 2943 natura
1700 2880 1893 2967 tantopere

292 2991 399 3063 laesit
420 2985 630 3087 tragoediae
660 2985 889 3086 dignitatem,
924 3002 1066 3060 utnon
1092 2987 1139 3058 sit
1171 2984 1405 3079 admirabile,
1441 3014 1511 3062 cur
1538 2986 1796 3089 Aristophanis
1820 3002 1895 3063 stu·

279 3106 400 3181 dium
427 3107 474 3180 ad
499 3107 723 3182 derisionem
743 3107 893 3182 excitari
916 3118 1051 3205 posset,
1078 3101 1120 3176 id
1143 3106 1302 3179 maxime
1327 3106 1548 3207 intelligitur
1562 3136 1617 3212 lex
1634 3109 1691 3184 his
1713 3136 1894 3211 gramme·

294 3232 356 3303 tici
375 3216 515 3303 verbis‘:
530 3230 557 3289 3·
586 3241 762 3322 γέγραπται
781 3238 889 3320 δρᾶμα
907 3229 1083 3315 Ev'ptm'dov
1101 3228 1223 3308 Αἴολος
1242 3228 1420 3315 λεγόμενον,
1443 3237 1477 3301 ἐν
1496 3229 1524 3325 ᾧ
1541 3232 1707 3322 παρήγαγε
1719 3235 1897 3318 Μακαρέα,

294 3357 351 3421 τὸν
369 3359 468 3420 παῖδα
487 3353 622 3436 Αἰόλου,
648 3354 827 3440 φθείραντα
845 3351 1000 3433 Koroneia
1021 3346 1079 3432 τὴν
1102 3347 1254 3434 ἀδελφήν.
1304 3348 1362 3421 Ex
1383 3350 1559 3426 Grauertl
1586 3350 1701 3450 igitur
1725 3346 1897 3435 doctrina
1935 3417 1940 3433 ,

295 3471 445 3545 actionis
467 3470 561 3541 ratio
580 3468 627 3538 ita
647 3464 903 3539 constituenda
918 3478 987 3536 est:
1014 3463 1215 3561 exponitur
1238 3491 1367 3541 rerum
1390 3485 1502 3545 status
1524 3495 1583 3562 eo,
1604 3468 1710 3572 quod
1732 3452 1897 3543 Canama

295 3594 432 3666 nutrici
460 3591 579 3690 aperit
604 3586 739 3658 amoris
765 3585 842 3657 vim
869 3598 904 3656 et
937 3582 1068 3684 culpae
1101 3586 1409 3683 magnitudinem:
1447 3614 1524 3665 non
1550 3587 1654 3665 deest
1680 3585 1803 3663 officio
1826 3613 1899 3661 nu-

295 3716 384 3801 trix,
408 3709 513 3810 cujus
537 3734 646 3783 omne
670 3703 865 3813 studium
856 3733 895 3778 ιιι
920 3730 991 3805 ope
1016 3701 1172 3781 serenda
1189 3708 1352 3805 positum
1374 3709 1437 3782 sit:
1467 3722 1678 3809 sequuntur
1699 3706 1898 3811 plangores

176 3851 180 3860 ·
220 3892 224 3898 .
295 3829 451 3902 feminae
489 3830 725 3963 parturientis
764 3841 799 3901 et
830 3851 941 3900 curae
980 3827 1152 3901 nutricis:
1197 3824 1347 3901 advolat
1381 3827 1496 3903 frater
1533 3846 1569 3905 et
1600 3829 1701 3904 idem
1716 3852 1900 3930 sponsus,

296 3973 445 4024 omnem
469 3948 579 4021 animi
606 3944 925 4045 perturbationem
949 3944 1260 4050 praeseferens:
1288 3945 1901 4054 celaturmodonatus,nepater
1936 3962 1941 3971 '

290 4073 435 4153 ,Aeolus
459 4080 574 4170 totam
600 4093 682 4141 rem
712 4067 854 4158 sentiat,
894 4094 916 4139 a
939 4069 1098 4157 nutrice,
1139 4091 1236 4166 quae
1261 4091 1364 4140 sacra
1392 4067 1531 4143 institui
1561 4070 1766 4147 simularet:
1794 4083 1903 4173 parat

301 4192 429 4267 eadem
460 4191 588 4265 nutrix
618 4214 781 4291 puerum
812 4188 928 4265 domo
950 4188 1106 4281 efferre,
1131 4184 1198 4263 sed
1222 4184 1398 4395 proditur
1421 4191 1541 4264 omnis
1564 4214 1623 4264 res
1644 4188 1813 4289 ejusdem
1836 4216 1903 4264 ra·

300 4370 580 4389 Q

384 4471 620 4553 Qtttetattdut
640 4395 792 4553 wattun
833 4471 993 4557 Setinum
1006 4475 1043 4535 11
1084 4467 1199 4556 tpeftl.
1242 4469 1285 4539 Θ.
1299 4474 1349 4542 50
1370 4469 1459 4553 tt
1497 4476 1525 4533 3
1546 4472 1651 4536 Schot
1675 4470 1720 4534 ad
1743 4472 1963 4557 Αιιαοριι.

496 4574 576 4635 Nub.
596 4596 627 4635 v.
648 4567 736 4634 1374.
778 4573 859 4634 confi
880 4574 959 4636 Rau.
980 4596 1010 4635 v.
1028 4572 1099 4637 873.
