4364 5536
598 430 608 452 ⁸
733 530 804 630 ,··-
851 481 944 583 ³1⁵³
995 508 1084 630 -;

96 715 191 791 tius
216 693 424 804 scenam,
464 724 805 814 quamcastra,
835 707 1061 800 visentes3
1111 707 1580 813 versificatoresque
1612 738 1702 789 me·
1739 765 1744 775 ·

24 848 27 852 ’
90 837 426 936 ·Ιὶοιέι,ιῑιιιιιιι
449 832 593 908 duces
619 826 881 906 laudantes.
937 832 1068 906 Tunc
1093 830 1299 934 vectigal
1327 834 1584 937 publicum,
1609 858 1701 935 quo
1805 881 1842 898 .·

93 957 276 1033 milites
319 972 362 1032 et
401 957 598 1057 remiges
642 951 916 1044 alebantur,
962 979 1068 1029 cum
1100 954 1296 1053 urbano
1324 955 1508 1095 populo
1544 953 1699 1029 dividi

45 1128 50 1136 ·
93 1090 324 1178 coeptum.
390 1077 488 1153 Vere
514 1093 636 1151 autem
665 1077 696 1150 si
727 1075 912 1151 volumus
924 1073 1107 1176 judicare,
1147 1080 1287 1152 nemini
1317 1076 1416 1153 illud
1450 1080 1505 1151 rei
1536 1078 1700 1151 scenicae

92 1198 260 1275 studium
283 1197 471 1272 laudabile
489 1197 674 1289 videatur,
698 1223 785 1272 cum
808 1199 968 1271 nimium
986 1197 1115 1271 haberi
1138 1197 1282 1291 debeat,
1309 1213 1421 1299 atque
1441 1198 1578 1288 omnia,
1603 1198 1701 1310 quae

94 1321 144 1396 sd
168 1322 266 1423 leges
281 1320 490 1396 servandas
519 1314 781 1418 majorumque
813 1321 979 1393 instituta
1008 1323 1253 1419 pertinerent,
1292 1321 1430 1421 negligi
1458 1333 1588 1419 coepta
1614 1319 1699 1392 sint

44 1524 48 1531 ,
94 1446 171 1520 Nec
192 1468 284 1518 vero
309 1441 408 1516 solae
434 1437 597 1512 Athenae
623 1453 722 1512 tanta
747 1439 940 1539 spectandi
966 1441 1126 1517 fabulas
1139 1442 1342 1544 cupiditate
1366 1443 1590 1544 flagrabant3
1615 1439 1703 1514 reli·

98 1591 193 1667 quae
219 1567 331 1638 etiam'
354 1562 536 1635 Graeciae
550 1575 673 1661 partes
694 1558 794 1635 idem
810 1576 955 1636 secutae
971 1577 1070 1654 sunt,
1097 1577 1139 1637 ut
1157 1562 1354 1670 histriones
1374 1565 1422 1638 ab
1443 1559 1614 1636 urbe'ad
1639 1588 1703 1636 ur·

95 1687 183 1770 bern
215 1686 456 1784 migra1·ent,3³
470 1709 545 1783 qua
579 1680 725 1755 fabulas
751 1680 887 1756 docere
912 1689 1099 1785 possent,
1124 1685 1172 1759 de
1198 1711 1276 1788 quo
1310 1683 1565 1773 conferantur,
1605 1699 1701 1782 quae

96 1808 301 1882 Heerenius
322 1808 363 1880 in
382 1806 480 1880 libro
501 1806 693 1879 notissimo
715 1802 847 1879 attulit
863 1806 908 1866 ¹2·
959 1804 1064 1900 Quid
1084 1790 1327 1884 enim‘dicam
1347 1806 1395 1880 de
1408 1803 1703 1904 Peloponnesiis,

96 1955 261 2031 quorum
286 1925 635 2022 theatrales—structa
660 1942 764 1999 erant
787 1927 1012 2029 amplissima
1038 1926 1235 2028 Epidauri,
1260 1928 1424 2031 Tegeae,
1454 1924 1703 2027 Megalopoli;

97 2050 192 2154 quid
228 2049 276 2123 de
310 2046 491 2150 Dionysio
532 2065 693 2150 tyranno
730 2048 796 2122 illo
829 2046 997 2148 quidem,
1035 2050 1102 2149 qui
1136 2075 1224 2122 cum
1255 2048 1417 2150 populos
1446 2073 1531 2124 suos
1557 2044 1703 2122 crudeli
1825 2146 1827 2151 Ι

97 2174 256 2275 imperio
278 2172 522 2272 opprimeret,
542 2174 722 2246 tamenin
740 2186 819 2257 arte
841 2169 969 2244 deesse
987 2167 1057 2243 sibi
1078 2168 1213 2259 noluit,
1237 2183 1292 2259 ut,
1313 2185 1464 2244 auctore
1477 2170 1647 2259 Aeliano,
1658 2168 1704 2228 13.

98 2294 146 2366 ad
170 2292 313 2366 fabulas
340 2290 630 2382 conscribendas
663 2294 792 2365 curam
825 2286 1080 2364 converteret?
1130 2287 1235 2363 Idem
1260 2287 1361 2362 cadit
1384 2288 1423 2363 in
1446 2290 1705 2366 Alexandrum

99 2410 320 2495 Pheraeum,
345 2407 455 2502 ‘cujus
478 2425 599 2480 tantus
625 2438 777 2506 poeseos
805 2414 917 2482 amor
935 2429 1040 2502 esset,
1067 2427 1108 2486 ut
1132 2411 1230 2490 ludis
1253 2412 1406 2487 scenicis
1431 2411 1604 2485 interesse
1627 2410 1705 2484 vel-
1783 2409 1786 2416 ’

98 2667 175 2726 tam
207 2650 440 2748 maximeque
470 2645 742 2737 Alexandrum,
787 2650 890 2748 qui
894 2647 1041 2722 bellicis
1076 2647 1272 2739 laudibus,
1305 2651 1458 2750 quibus
1478 2651 1705 2744 abundabat,

74 2776 171 2848 wrei
168 2772 352 2845 scenicae
378 2769 544 2842 studium
577 2765 807 2868 adjungeret
859 2768 984 2841 Facile
1010 2771 1110 2841 enim
1133 2770 1356 2871 patiebatur,
1383 2783 1441 2846 ut
1448 2788 1577 2873 poetae
1601 2773 1707 2846 Anti-

101 2894 238 2998 phanes
266 2906 303 2964 et
326 2885 502 2987 Neophro
526 2912 594 2960 sua
626 2889 895 2964 consuetudine
923 2883 1128 2986 uterentur
1180 2891 1306 2965 Liceat
1329 2891 1461 3001 eadem
1484 2892 1531 2966 de
1555 2894 1727 2993 regibus·

99 3016 242 3108 dicere,
265 3014 329 3114 qui
356 3012 395 3083 in
417 3008 517 3082 illius
538 3036 696 3109 regnum
721 3008 989 3102 successerunt,
1017 3010 1104 3084 dieo
1123 3012 1252 3110 Syriae
1271 3013 1462 3113 principes
1482 3027 1518 3087 et
1535 3015 1704 3116 Pergami

103 3152 138 3211 et
163 3134 395 3210 Ptolomaeus
430 3131 480 3204 ite
510 3132 693 3232 appellari
726 3108 864 3206 solitos.
916 3131 989 3206 Sed
1020 3159 1068 3204 ne
1097 3132 1243 3231 longius
1268 3131 1366 3206 hanc
1399 3160 1480 3207 rem
1507 3161 1707 3238 persequa-

101 3287 200 3348 mur,
223 3255 449 3343 memineris,
475 3267 614 3353 quanto
639 3255 725 3326 curn
750 3252 893 3325 honore
917 3251 972 3323 illi
996 3249 1152 3351 quidem
1170 3251 1290 3327 claros
1310 3269 1435 3354 poetas
1454 3256 1708 3333 Menandrum
1783 3280 1787 3287 ’

103 3397 139 3455 et
161 3379 420 3452 Philemonem
447 3374 496 3450 ad
521 3402 559 3449 se
586 3377 712 3448 venire
738 3373 921 3472 jusserint.
942 3374 985 3430 ¹⁵·
1034 3372 1221 3471 Expositis
1247 3371 1302 3449 his
1327 3374 1513 3465 omnibus,
1553 3401 1599 3448 ex
1625 3380 1708 3479 qui-

101 3503 172 3576 bus
191 3512 379 3601 appareat,
406 3521 520 3596 quam
539 3492 736 3566 vehemens
755 3491 869 3566 fuerit
888 3490 1083 3564 hominum
1107 3493 1273 3566 studium
1299 3496 1340 3568 in
1361 3522 1403 3567 re
1423 3498 1579 3588 scenica,
1602 3498 1707 3598 quod

98 3649 173 3724 per
195 3635 367 3694 cunctam
387 3617 590 3693 Graeciam¹
614 3613 854 3721 insolesceret
879 3637 1004 3711 neque
1032 3613 1146 3711 ipsius
1165 3610 1301 3690 linibus
1328 3619 1595 3694 contineretur:
1619 3645 1708 3695 con·

40 3799 41 3807 .
102 3737 345 3816 siderandum
375 3740 529 3812 omnino
556 3750 621 3826 est,
658 3733 816 3807 multum
852 3732 949 3806 illud
974 3734 1146 3835 vituperii
1176 3733 1313 3808 habere
1347 3738 1385 3808 in
1408 3737 1707 3835 Atheniensibus,

103 3890 188 3937 cum
209 3859 422 3963 profectum
440 3872 532 3931 esset
551 3855 750 3957 aquadam
773 3857 885 3929 animi
905 3856 1051 3930 levitate
1065 3872 1100 3931 et
1114 3856 1284 3948 mollitie,
1299 3883 1396 3958 quae
1417 3860 1531 3936 rebus
1547 3867 1708 3938 severio-

103 3984 210 4057 ribus
236 3980 412 4078 occupari
440 3978 593 4066 nollent
645 3975 835 4051 Nonnulla
855 3966 1067 4076 'eademque
1092 3981 1278 4077 graviora,
1306 4003 1403 4078 quae
1425 3979 1525 4058 hanc
1551 4013 1631 4061 rem
1655 4002 1706 4061 at·

103 4102 259 4208 tingant,
284 4099 490 4175 Boeckhius
512 4098 725 4199 disputavit,
752 4121 848 4196 quae
874 4084 1003 4197 legisse
1024 4094 1135 4197 juvat
1151 4096 1194 4159 ¹⁶·

102 4284 400 4304 Μ

191 4405 234 4463 99.
256 4401 381 4485 ἣιιτειῑ,
401 4400 507 4475 abur.
550 4398 607 4480 ffb·
627 4401 658 4468 5·
686 4397 745 4478 Θ
767 4393 838 4469 003
922 4395 969 4459 ¹³
989 4396 1107 4460 Aelian
1128 4400 1203 4464 Var.
1217 4399 1339 4467 llistor.
1360 4403 1441 4466 Xlll
1466 4398 1512 4466 18.
1599 4407 1643 4465 19.
1667 4406 1710 4470 ld.

302 4501 485 4564 ibid.le
510 4495 562 4562 40.
648 4503 690 4561 15.
711 4500 793 4562 Ptin.
813 4502 929 4566 ilistor.
954 4514 1058 4567 natur.
1078 4504 1145 4567 Vll.
1168 4503 1217 4568 ³0.
1319 4507 1361 4566 ¹⁶.
1386 4509 1711 4596 &transpoutpffltung

204 4682 208 4687 ,
304 4613 354 4676 ter
376 4581 515 4690 staret,
557 4603 616 4687 tt.
638 4605 659 4666 t
701 4606 745 4674 Θ
766 4610 836 4679 teta

1060 4713 1108 4782 00
