4364 5536
801 467 863 540 ’-“
914 480 969 570 11
1025 525 1082 542 ·-

902 691 978 776 ΠΙ.

203 825 276 909 De
318 825 627 910 Graecorum
665 820 969 910 comoediae
1011 822 1211 938 origine
1252 847 1301 911 et
1339 831 1681 919 incrementis.
1746 851 1754 864 '

927 1029 958 1091 l.

238 1136 423 1232 Quoniam
456 1139 621 1209 omnium
654 1161 835 1210 consensu
860 1136 1010 1211 ridetur
1038 1152 1177 1231 patere,
1201 1137 1297 1213 nihil
1324 1142 1362 1214 in
1391 1145 1621 1240 explananda
1649 1149 1745 1223 litte·

137 1284 263 1330 rarum
287 1259 497 1358 artiumque
518 1257 669 1331 historia
685 1255 877 1332 difficilius
899 1259 995 1351 sore,
1014 1286 1125 1361 quam
1151 1260 1350 1355 explicare,
1373 1292 1469 1366 quae
1489 1269 1572 1341 illae
1590 1269 1744 1369 quidem

137 1381 316 1478 ceperint,
357 1382 480 1453 initia:
520 1379 621 1486 haud
653 1382 728 1453 scio
764 1410 811 1452 an
846 1384 1044 1482 quisquam
1067 1386 1113 1456 sit
1137 1398 1211 1458 tam
1237 1386 1378 1460 alienus
1418 1388 1464 1461 ab
1504 1386 1741 1482 humanitate,

98 1542 100 1546 >
137 1482 201 1604 qui
238 1503 277 1574 in
306 1484 355 1575 re
395 1500 574 1602 impedita
598 1499 689 1571 velit
715 1501 924 1600 requirere,
964 1499 1069 1601 quod
1104 1519 1291 1601 praestare
1318 1533 1396 1612 non
1426 1512 1543 1610 potui.
1593 1508 1745 1612 Ecquid

135 1621 214 1694 reri
250 1624 402 1696 omnino
429 1649 496 1723 ego
512 1621 659 1694 ·ridisse
686 1615 874 1694 confidere
900 1646 1060 1721 possem,
1090 1648 1189 1714 cum,
1214 1629 1278 1724 qui
1306 1655 1385 1701 rem
1409 1630 1639 1729 propositam
1664 1631 1745 1704 atti·

136 1744 270 1855 gqrint,
293 1745 401 1831 multi
429 1746 666 1862 reperiantur
691 1757 753 1815 aut
778 1739 825 1813 ad
849 1739 943 1812 solas
969 1742 1201 1839 conjecturas
1228 1743 1450 1845 confugisse,
1484 1765 1545 1822 aut
1571 1752 1680 1823 etiam
1703 1753 1741 1824 in

136 1890 281 1961 errores
305 1867 448 1968 abrepti
470 1864 572 1940 esse?
623 1863 728 1960 Quid
752 1859 866 1962 ergo?
893 1886 969 1962 quo
989 1863 1127 1962 optime
1148 1864 1239 1938 mihi
1256 1866 1467 1940 consultum
1493 1869 1578 1958 erit,
1602 1894 1740 1969 sequar

138 2011 235 2076 eum,
280 1989 343 2087 qui
373 1989 663 2089 ingeniosissime
691 1985 738 2058 de
778 1985 915 2055 artium
939 1985 1081 2056 ratione
1114 1988 1344 2076 existimavit,
1384 2003 1425 2060 ut
1451 1991 1619 2062 omnium
1644 1989 1743 2090 judi-

137 2107 236 2179 cium
262 2124 315 2180 est
339 2105 507 2208 prudens
532 2122 643 2207 atque
670 2107 870 2195 sincerum,
910 2103 1137 2206 quamquam
1166 2130 1243 2177 non
1277 2106 1462 2208 negligam
1492 2133 1623 2199 eorum
1642 2110 1743 2183 ›dili-

136 2232 307 2326 gentiam,
334 2231 399 2330 qui
435 2255 493 2319 ao,
522 2227 629 2330 quod
654 2226 861 2301 Aristotelis
897 2223 1013 2296 verba
1044 2226 1281 2323 interpretari
1308 2230 1552 2326 susceperint,
1590 2233 1741 2304 rationis

137 2374 177 2421 ac
201 2351 294 2440 viae,
320 2377 433 2451 quam
459 2350 605 2452 ingredi
640 2364 799 2451 oportet,
854 2346 1068 2421 obscuritati
1095 2345 1268 2419 nonnihil
1300 2344 1392 2421 lucis
1420 2345 1557 2420 afferre
1588 2353 1739 2450 possint

21 2513 24 2517 <
139 2468 257 2566 Pergo
285 2470 333 2542 ad
358 2473 602 2570 propositum.

176 2724 182 2733 .
234 2661 464 2758 Plerumque
500 2657 748 2758 perhibentur
794 2673 935 2730 veteres
976 2654 1125 2746 Graeci,
1170 2658 1276 2756 quod
1323 2677 1651 2735 monumentorum
1682 2691 1739 2735 ar·
1809 2672 1813 2679 “

136 2797 311 2884 gumento
357 2779 496 2853 firmari
549 2789 681 2876 potest,
729 2777 864 2875 pietate
913 2771 1087 2875 quadam,
1148 2779 1349 2867 sanctitate,
1401 2779 1596 2880 religione,
1645 2809 1740 2882 quas

136 2904 304 2975 Deorum
368 2884 511 2971 numini
572 2897 842 2987 tribuerentur,
900 2895 1060 2994 insignes
1114 2893 1226 2970 fuisse
1270 2923 1312 2971 ac
1362 2898 1519 3000 reliquis
1570 2903 1752 3002 gentibus

55 3008 60 3014 ⁴
126 3021 374 3126 'praestitisse3
400 3046 444 3092 ex
462 3025 538 3120 quo
564 3017 796 3117 intelligitur,
809 3009 936 3117 quanti
958 3014 1073 3091 fuerit
1092 3020 1268 3093 momenti
1293 3045 1336 3092 ea
1360 3020 1571 3095 animorum
1593 3023 1739 3099 allectio

135 3171 212 3219 non
234 3146 357 3219 solum
378 3144 416 3215 in
450 3139 602 3213 risendi
627 3137 885 3237 sentiendique
909 3130 1076 3227 modum,
1111 3135 1178 3210 sed
1216 3140 1325 3213 etiam
1349 3142 1388 3213 in
1424 3157 1519 3217 artes
1544 3142 1658 3217 modo
1684 3147 1741 3218 in-

135 3281 270 3340 ventas.
322 3267 403 3338 Hoc
428 3261 562 3336 autem'
586 3263 744 3334 maxime
779 3256 1006 3356 perspicitur
1031 3258 1071 3330 in
1101 3259 1189 3331 artis
1216 3257 1435 3333 dramaticae
1474 3274 1618 3354 natura,
1644 3289 1739 3363 quae

137 3386 184 3461 ad
198 3388 294 3458 Deos
312 3380 490 3457 colendos
514 3378 787 3454 accommodata
808 3392 897 3468 erat,
921 3379 971 3451 ita
993 3394 1034 3452 ut
1058 3377 1161 3452 chori
1179 3393 1305 3452 cantus
1326 3394 1362 3453 et
1380 3379 1591 3454 saltantium
1616 3398 1737 3457 motus

135 3505 263 3580 laudes
304 3531 436 3578 eorum
473 3505 734 3605 exprimerent.
799 3499 1005 3600 Praecipua
1044 3499 1122 3573 laus
1163 3499 1402 3575 tribuebatur
1427 3500 1561 3574 Bacchi
1581 3500 1737 3599 honori,

137 3628 252 3728 idque
287 3629 408 3700 trihus
434 3626 613 3698 seriarum
637 3619 835 3724 generibus
861 3618 941 3691 lieri
962 3618 1126 3719 solebat3
1160 3622 1199 3693 in
1226 3648 1269 3694 eo
1296 3625 1407 3714 enim,
1433 3638 1608 3723 tanquam
1635 3627 1674 3698 in
1696 3654 1738 3701 re

138 3761 249 3838 certa,
274 3773 400 3822 omnes
425 3749 671 3837 consentiunt,
698 3769 822 3817 mense
848 3757 963 3832 sexto,
984 3737 1205 3832 Posidcone,
1227 3741 1413 3818 celebrata
1435 3744 1547 3822 fuisse
1560 3747 1737 3849 Dionysia

136 3869 273 3942 ruralia
301 3873 475 3956 (Διονύσια
494 3875 534 3939 τά
556 3877 624 3940 κατ’
641 3877 768 3963 ἀγρούς,
786 3865 863 3937 slve
888 3872 928 3938 τὰ
946 3868 1080 3956 μικρὰ),
1106 3875 1249 3952 octavo,
1276 3860 1571 3958 Antheslerlone,
1596 3865 1734 3950 Anthe-

133 3991 256 4081 steria,
290 4011 456 4089 quorum
490 3997 564 4057 tres
591 3999 696 4057 erant
733 3982 825 4074 dias,
851 4004 919 4055 suo
957 3980 1119 4081 quisque
1146 3983 1298 4054 nomine
1325 3982 1531 4081 distinctus,
1568 3994 1753 4090 flttnebaf

134 4118 219 4198 Χόες
240 4123 276 4181 et
299 4112 435 4198 Χύτροι,
458 4130 558 4178 nono
592 4134 730 4199 mense,
761 4097 1069 4204 Elaplrebolione,
1101 4100 1281 4205 Dionysia
1311 4131 1456 4208 magna,
1481 4110 1559 4183 sire
1593 4107 1735 4184 urbana

135 4235 185 4323 (τὰ
204 4237 238 4303 ἓν
256 4229 356 4316 dqret,
375 4219 435 4292 Vel
455 4233 524 4298 κατ’
541 4226 633 4314 ἄστυ,
652 4229 692 4297 ra‘
712 4230 858 4321 μεγάλα.)
883 4219 907 4277 ¹·
957 4219 1039 4294 l‘loc
1082 4221 1238 4323 quidem
1271 4251 1344 4327 pro
1382 4245 1484 4305 certo
1519 4227 1732 4304 affirmatur.

224 4500 247 4556 ἱ.
271 4498 359 4561 Conl.
380 4495 434 4557 W.
455 4496 558 4559 Eueri
578 4496 743 4562 Dissertat.
772 4500 811 4563 de
836 4501 937 4584 prima
958 4486 1118 4582 etaltera,
1137 4524 1218 4587 qnae
1237 4505 1347 4586 femur,
1368 4506 1501 4571 nubium
1522 4506 1732 4592 Aristophanis

332 4600 480 4663 edit-ione.
500 4620 571 4682 pag.
593 4597 640 4659 12.
1170 4695 1194 4762 2
1218 4688 1239 4735 ῃ
