4364 5536
960 488 1236 581 ..53-

391 832 467 908 Sed
503 840 585 903 cum
620 839 740 900 totum
773 822 884 915 illud,
912 782 1034 927 'quod'
1053 717 1102 903 :iia
1135 829 1290 927 antiqua
1328 824 1524 899 comoedia
1557 827 1677 900 inesse
1713 780 1905 925 videatur,

294 952 476 1054 quodque
501 952 688 1052 pertineat
712 946 761 1020 a'd
789 946 843 1037 id,
868 945 1024 1046 r‹le-quo
1046 947 1275 1050 disputatur,
1307 950 1393 1020 satis
1422 948 1634 1047 expositum
1658 951 1722 1023 sit:
1750 952 1905 1053 singula

75 1080 80 1087 '
207 1113 211 1117 -
291 1097 477 1173 quaeque,
498 1096 594 1170 quae
614 1073 658 1142 in
683 1072 1034 1171 ipsocontinentur,
1053 1072 1263 1177 explanare
1282 1071 1437 1141 omnino
1457 1073 1706 1143 necessarium
1724 1074 1808 1145 erit.
1858 1076 1905 1148 si

293 1197 379 1294 quis
399 1216 491 1264 vero
509 1217 660 1265 omnem
682 1190 902 1266 comoediae
922 1192 1102 1263 rationem
1130 1191 1370 1265 considerare
1397 1189 1498 1262 volet
1523 1197 1765 1293 animumque
1786 1204 1906 1269 auen-
1994 1272 1998 1279 ,

292 1314 396 1404 dere,
424 1318 466 1387 in
492 1340 569 1416 quo
594 1318 660 1388 sua
685 1311 868 1412 cujusque
896 1311 974 1383 laus
997 1316 1187 1411 appareat,
1212 1314 1256 1403 is,
1283 1327 1390 1412 puto,
1415 1306 1612 1412 intelliget,
1639 1328 1823 1413 quantum
1840 1319 1905 1391 in-

291 1451 350 1511 ter
374 1463 500 1511 omnes
525 1463 600 1510 una
621 1450 726 1509 vetus
750 1432 917 1522 excellat,
957 1431 1007 1505 de
1031 1458 1105 1532 qua
1127 1431 1203 1532 jam
1228 1432 1376 1506 dudum
1395 1449 1525 1508 tracto.
1576 1437 1707 1535 Neque
1729 1441 1833 1509 enim
1858 1442 1902 1513 in

292 1557 372 1630 ullo
397 1582 531 1659 genere
549 1573 650 1631 tanta
672 1572 725 1632 est
749 1562 870 1630 virtus
896 1544 1053 1655 poetica,
1081 1570 1219 1656 quanta
1244 1561 1286 1628 in
1314 1555 1381 1628 illo
1403 1558 1645 1656 perspicitur,
1673 1556 1782 1656 quod
1800 1556 1900 1633 dici-

291 1704 383 1752 mus.
435 1681 528 1752 Sunt
540 1694 663 1753 autern
677 1680 837 1751 maxime
851 1678 891 1747 in
908 1674 1067 1765 eodem,
1081 1675 1221 1774 quibus
1240 1677 1443 1749 virtutibus
1460 1677 1617 1751 multum
1638 1676 1765 1750 differt
1778 1704 1799 1750 a
1813 1676 1902 1752 reli·

292 1804 378 1905 quis
391 1801 605 1900 generibus,
620 1827 793 1874 sensuum
808 1798 941 1901 pulcra
957 1793 1220 1905 conformatio,
1234 1801 1499 1901 cogitationum
1520 1798 1638 1871 libera
1650 1800 1901 1901 continuatim

291 1919 436 1995 accedit
460 1946 517 2010 eo,
547 1918 653 2020 quod
677 1922 794 1992 oratio
822 1921 954 1993 eximie
980 1935 1110 1993 ornata
1132 1935 1198 2010 est,
1223 1937 1307 2021 apte
1334 1920 1554 2019 deliguntur
1579 1921 1707 2013 verba,
1731 1914 1901 2024 denique

291 2045 437 2117 numeri
463 2056 656 2141 metroque
686 2043 797 2142 plane
823 2043 988 2143 perfecta
1020 2055 1116 2133 sunt.
1167 2041 1233 2112 Est
1260 2041 1376 2140 igitur
1406 2058 1524 2115 totum
1557 2042 1657 2118 illud
1687 2069 1820 2180 genus,
1860 2058 1900 2118 ut

291 2163 498 2238 accuratius
523 2161 741 2255 definiatur,
775 2165 934 2238 sublime
963 2161 1154 2264 quoddam
1186 2189 1227 2234 ac
1253 2165 1397 2262 grande
1428 2162 1646 2251 dicendum,
1682 2165 1714 2235 si
1740 2161 1899 2262 quidem

290 2282 561 2420 pulcritudinis
586 2281 706 2357 forma
733 2311 816 2358 cum
842 2311 900 2376 eo,
925 2286 1031 2401 quod
1053 2298 1183 2385 poetae
1208 2302 1273 2372 est,
1299 2289 1452 2384 ingenio
1474 2287 1751 2389 temporisque
1753 2287 1898 2361 ratione

290 2400 395 2507 jungi
421 2403 602 2476 videatur.
656 2404 771 2499 Quod
793 2423 914 2481 autern
939 2409 1093 2505 antiqua
1112 2405 1194 2476 1lta
1199 2404 1353 2505 quidem
1381 2405 1572 2479 comoedia
1594 2410 1749 2478 omnino
1770 2404 1818 2480 ad
1836 2430 1899 2480 ve·
1926 2437 1929 2441 ·

292 2554 354 2599 rae
376 2530 465 2598 artis
488 2520 634 2597 laudern
655 2525 800 2601 aceedit
822 2553 945 2628 neque
965 2527 1086 2597 minus
1088 2551 1233 2624 quam
1254 2525 1459 2660 tragoedia,
1484 2525 1653 2596 libertate
1677 2551 1743 2599 sua
1764 2529 1897 2620 utitur,

291 2675 333 2723 ac
358 2644 578 2751 principalis
603 2645 784 2767 quaedam
813 2647 887 2721 dici
910 2644 1033 2732 debet
1061 2642 1103 2715 id
1131 2636 1299 2742 quidem,
1326 2646 1399 2717 nisi
1423 2671 1491 2743 qur
1510 2673 1639 2720 rerum
1657 2646 1764 2748 plane
1782 2649 1894 2723 rudrs

291 2784 357 2861 est,
397 2768 526 2887 fugere
552 2778 674 2863 potest
700 2767 897 2835 neminem
949 2762 1070 2834 Habet
1091 2765 1186 2869 eninr
1207 2778 1344 2836 tantam
1366 2766 1456 2853 virn,
1483 2763 1894 2877 utaquotidiauarita

290 2891 434 2961 animos
457 2880 659 2988 legentium
685 2901 812 2957 avocet
838 2886 876 2955 in
904 2908 1024 2983 coque
1050 2910 1179 2957 1e1um
1204 2870 1336 2955 ordine
1364 2884 1535 2976 collocet,
1562 2893 1644 2988 qui,
1671 2886 1777 2993 quod
1797 2916 1896 2964 sum-

290 3002 389 3110 Ιιιιιιιιι
415 3000 729 3120 cogitationibus
726 3001 933 3105 libertatem
960 3002 1145 3109 concedit,
1177 3007 1358 3104 proprius
1385 3021 1437 3077 est
1461 3024 1667 3107 poetarum.
1719 3012 1896 3088 Homines

291 3143 413 3221 autem
437 3126 525 3199 tales
547 3152 622 3199 csse
647 3097 852 3245 linguntur,
880 3139 922 3198 ut
941 3139 1004 3198 aut
1023 3124 1226 3200 deteriores
1246 3140 1308 3197 aut
1329 3125 1490 3199 ridicule
1510 3129 1709 3205 videantur
1728 3135 1897 3229 animati3

290 3248 510 3353 indeque
473 3275 615 3322 summa
636 3260 689 3320 est
709 3248 764 3317 vis
785 3271 826 3318 ac
848 3232 1076 3318 momentum
1099 3248 1233 3335 ineos,
1257 3248 1323 3346 qui
1346 3246 1394 3319 ad
1415 3249 1708 3385 pulchritudinis
1734 3258 1899 3358 speciem

289 3375 362 3448 nati
384 3372 547 3473 factique
571 3386 670 3477 sunt,
698 3395 782 3441 cum
803 3372 1022 3468 praesertim
1046 3366 1203 3440 habeant
1226 3367 1292 3437 illa
1316 3368 1481 3440 carmina
1500 3368 1673 3464 formam,
1697 3401 1796 3475 quae
1814 3402 1895 3451 sen·

176 3502 177 3506 ’
287 3496 486 3569 tentiarum
506 3472 728 3594 praestantia
754 3486 908 3558 excellat
934 3488 1124 3587 animique
1145 3476 1386 3562 libertatem
1379 3516 1425 3560 au
1429 3505 1511 3589 geat
1535 3492 1704 3570 maxime.
1756 3498 1817 3571 Ex
1838 3496 1895 3572 bis
1948 3551 1954 3559 .

288 3617 413 3716 igitur,
435 3642 531 3716 quae
551 3609 832 3713 disputavimus,
853 3605 1008 3706 intelligi
1030 3620 1162 3706 potest,
1185 3611 1357 3706 quamvis
1381 3548 1586 3688 dilierant
1576 3631 1674 3690 mter
1691 3644 1731 3693 se
1741 3630 1894 3721 tragoe-

287 3735 350 3809 dia
372 3752 407 3809 et
432 3733 625 3809 comoedia
649 3745 760 3830 atque
784 3729 975 3827 oppositae
998 3729 1084 3813 sint,
1109 3739 1232 3798 tamen
1257 3725 1408 3821 hahere,
1441 3760 1527 3835 quo
1553 3742 1593 3810 s'e
1619 3740 1784 3815 invicem
1806 3767 1895 3816 con·

286 3856 441 3955 tingant,
467 3870 509 3927 ut
531 3871 671 3928 tantum
696 3851 889 3923 varietates
917 3851 1028 3923 unius
1053 3844 1298 3950 ejusdemque
1324 3854 1434 3928 animi
1463 3854 1667 3933 ostendant.
1720 3862 1770 3936 Ut
1795 3865 1896 3938 enim

287 3978 464 4064 omittam,
501 3973 606 4073 quod
629 3972 766 4046 similes
795 3970 869 4046 sibi
900 3985 997 4063 sunt,
1035 3975 1216 4073 quoniam
1248 3974 1288 4045 in
1315 3977 1412 4049 vitae
1435 3958 1704 4056 consuetudine
1731 4008 1771 4059 se
1797 3990 1896 4060 exci-

287 4096 397 4197 piunt
425 4092 668 4194 naturaeque,
709 4121 804 4194 quae
837 4094 1053 4193 gravitatem
1087 4106 1123 4166 et
1155 4092 1328 4167 laetitiam
1346 4093 1491 4190 habeat,
1530 4102 1774 4179 satisfaciunt:
1806 4122 1897 4182 sunt

288 4219 398 4289 etiam
421 4232 579 4318 propter
597 4241 756 4289 summas
775 4216 970 4288 sententias
996 4216 1093 4287 inter
1112 4241 1150 4288 se
1174 4216 1367 4316 copulatae
1392 4218 1697 4325 conjunctaeque.
1748 4224 1794 4299 In
1810 4252 1895 4303 seu·

286 4339 411 4413 tentiis
432 4353 553 4411 autem
580 4335 777 4438 ejusmodi,
807 4335 935 4436 quales
951 4330 1252 4433 significavimus,
1280 4363 1376 4437 quae
1400 4338 1592 4442 fastigium
1606 4347 1807 4446 utriusque
1830 4373 1894 4450 ge-

182 4451 184 4455 ¹
286 4463 389 4535 neris
411 4456 585 4550 efficiant,
611 4463 664 4531 ita
688 4462 787 4531 inter
813 4484 852 4533 se
877 4471 983 4559 aptae
1008 4444 1108 4545 sunt,
1130 4466 1185 4544 ut,
1212 4456 1397 4557 quicquid
1423 4463 1506 4556 erit,
1532 4491 1611 4567 quo
1638 4464 1826 4571 differant,
1852 4468 1896 4544 id

287 4580 391 4681 quasi
413 4581 452 4653 in
475 4604 649 4682 corpore,
668 4602 739 4652 nec
758 4603 849 4651 vero
869 4580 910 4649 in
935 4577 1060 4649 animo
1078 4577 1190 4652 situm
1212 4602 1288 4655 esse
1306 4578 1490 4657 videatur.
1542 4582 1659 4684 Quod
1682 4591 1750 4691 qui
1769 4589 1894 4692 probe
