4364 5536
953 491 1232 578 ⁴27.-

225 696 230 702 ’
292 693 462 787 ebarnius
484 710 637 810 redegit
690 707 764 800 Qui
786 704 1176 807 quantoperedignus
1194 709 1253 796 sit,
1276 707 1340 806 qui
1360 707 1508 781 anobis
1528 698 1890 839 laudetur,maxime
1916 804 1919 810 Ι

287 859 334 907 ex
361 833 601 911 Grammatici
626 827 818 928 cujusdam
850 828 974 902 verbis
1002 829 1242 930 intelligetur,
1280 855 1376 929 quae
1407 828 1497 903 baec
1520 821 1625 904 sunl:
1618 832 1684 889 „12
1709 839 1831 907 τούτων
1853 843 1889 907 u

289 975 373 1016 εισιν
394 945 642 1031 οἴξιολογοότατοι
661 947 855 1032 Επίχαριιος,
889 940 952 1010 Mt
953 968 1038 1026 γνρς,
1071 948 1243 1029 Κρατῖνος,
1281 945 1496 1033 Φερεκράτης,
1531 945 1705 1033 Φρυνιχος,
1737 942 1887 1026 Εὔπολις,

285 1051 547 1141 Ἀριστοφάνης.
553 1046 658 1125 οὗτος
679 1054 805 1134 πρῶτος
825 1073 884 1169 τρν
903 1043 1072 1132 κωμῳδίαν
1092 1046 1220 1132 dtep’p‘cp
1211 1049 1362 1132 ιμένρν
1339 1044 1531 1132 ανικτήσατο
1553 1050 1655 1113 πολλὰ
1676 1054 1890 1133 recopolim-¹

284 1151 431 1238 χνήσας.
447 1151 579 1238 χρόνοις
599 1154 669 1216 δὲ
650 1151 757 1235 γέγονε
776 1150 856 1216 κατὰ
875 1149 933 1234 τὴν
953 1146 989 1231 όγ
1007 1146 1230 1247 Ὀλυμπιάδα·
1250 1179 1287 1238 τῃ
1275 1155 1345 1217 δὲ
1365 1149 1493 1236 ποιήσει
1511 1134 1670 1236 γνιομικιὶς
1691 1149 1746 1216 και
1766 1149 1888 1235 ιῦρετι·

287 1266 343 1342 ιιός
364 1292 415 1332 ναι
414 1264 634 1353 ’φιλότεχνος
650 1252 736 1330 sed
762 1257 934 1357 proxima
960 1254 1047 1327 inde
1074 1285 1094 1328 a
1118 1258 1257 1334 verbis:
1287 1261 1379 1340 οἶτος
1399 1271 1527 1352 πρῶτος
1547 1257 1595 1331 ad
1618 1256 1888 1360 Epicharmum
2124 1274 2128 1279 ’

284 1380 485 1479 pertinent,
506 1377 779 1478 quibuscum
751 1401 781 1447 sr
802 1372 958 1474 jungere
977 1376 1069 1449 velis
1084 1374 1316 1454 Aristotelea
1337 1379 1381 1437 13.
1415 1392 1475 1452 νου·
1496 1390 1531 1452 δὲ
1550 1385 1659 1470 nahar
1685 1394 1789 1451 ποιεῖν
1807 1382 1888 1451 Ἐπί-

284 1532 409 1594 χαρμος
429 1534 483 1572 και
508 1504 635 1594 Φόρμις
655 1500 764 1589 ἧρξαν,
800 1520 889 1568 mox
913 1496 979 1568 ita
985 1493 1186 1595 explicata:
1206 1495 1250 1555 ¹4·
1287 1506 1357 1570 ἐστι
1377 1508 1412 1570 δὲ
1434 1533 1492 1590 της
1507 1534 1568 1589 μεν
1584 1505 1764 1595 πραξεως
1748 1532 1765 1571 ο
1783 1509 1889 1591 μῦθος

286 1617 431 1751 μίμηρις·
462 1618 561 1703 (λέγω
588 1614 649 1700 γὰρ
675 1619 782 1696 μῦθον
806 1618 911 1692 τοῦτο,
940 1611 999 1696 τὴν
1027 1607 1181 1676 συνθισιν
1208 1614 1274 1675 τῶν
1301 1611 1512 1696 πραγμάτων)
1545 1615 1587 1680 τοὶ
1614 1619 1649 1681 tt
1671 1613 1746 1700 ἤθη,
1776 1613 1890 1706 noll*
1867 1639 1889 1678 α

288 1727 402 1806 ποιούς
420 1755 510 1806 τινας
529 1726 617 1796 εἶναι’
625 1752 731 1820 φαμεν
741 1725 817 1802 τούς
831 1722 1037 1812 πράττοντας,
1057 1743 1133 1790 non
1148 1716 1305 1818 amplius
1323 1717 1453 1821 fugere
1466 1746 1534 1795 nos
1547 1736 1679 1839 potest,
1697 1735 1733 1793 et
1734 1733 1906 1830 quanta¹

287 1843 424 1940 laus
394 1870 426 1916 er
453 1859 582 1944 poetae
606 1843 796 1916 tribuatur
819 1841 1044 1931 accessesit,
1071 1855 1108 1912 et
1131 1840 1294 1939 quaesit
1317 1842 1424 1931 ratio,
1452 1866 1548 1941 quae
1574 1842 1664 1913 viris
1691 1824 1887 1940 prudenti-

287 1962 359 2038 bus
382 1964 536 2066 probari
565 1962 739 2063 potuerit
791 1961 886 2032 Tota
909 1973 1029 2031 autem
1054 1958 1132 2032 laus
1159 1958 1303 2061 duplici
1331 1965 1473 2037 ratione
1500 1965 1729 2054 continetur,
1769 1962 1884 2065 altera

287 2086 392 2169 enim,
418 2108 462 2156 eo
493 2086 667 2185 pertinet,
709 2078 815 2181 quod
838 2079 998 2154 formam
1023 2084 1167 2182 generis
1193 2083 1369 2172 excoluit,
1409 2072 1521 2182 'quod
1546 2078 1701 2183 quidem
1727 2097 1769 2155 ut
1793 2108 1885 2156 asse-

286 2217 467 2304 queretur
492 2203 701 2303 plurimum
723 2202 895 2275 adhibuit
920 2216 956 2275 et
975 2204 1152 2302 temporis
1179 2217 1215 2274 et
1238 2200 1464 2302 diligentiae,
1491 2201 1606 2275 altera
1628 2204 1667 2274 in
1690 2204 1885 2277 sententia·

288 2350 374 2397 rum
392 2336 523 2395 natura
548 2336 729 2412 versatur,
753 2320 891 2421 quibus
916 2337 1084 2422 poemata
1109 2322 1507 2425 componerestuduit
1559 2320 1633 2398 Sed
1658 2349 1705 2395 ne
1731 2321 1811 2396 aliis
1834 2337 1887 2397 te·

288 2468 389 2512 mere
415 2441 597 2530 assentiri,
623 2469 716 2515 neve
734 2444 893 2516 nimium
917 2441 1143 2543 Epicharmo
1168 2443 1335 2516 tribuere
1357 2440 1567 2533 videamur,
1604 2444 1689 2516 satis
1716 2446 1788 2518 erit
1810 2470 1886 2517 me·

283 2560 451 2646 miniosa,
481 2571 620 2655 quanto
646 2557 769 2629 studio
797 2573 1009 2656 quantaque
1032 2585 1122 2630 cura
1148 2585 1241 2658 opus
1267 2560 1394 2650 fuerit,
1421 2575 1463 2666 ut
1480 2563 1570 2633 vitia
1591 2587 1735 2654 eorum,
1762 2566 1828 2662 qui
1845 2565 1891 2636 in⁴

288 2675 565 2774 conformandis
583 2673 720 2746 fabulis
738 2677 1031 2773 praecessissent,
1057 2673 1245 2770 effugeret.
1297 2675 1461 2747 Omnino
1481 2678 1581 2749 enim
1604 2682 1777 2756 carebant
1799 2688 1886 2756 istae

286 2798 435 2873 fabulae
462 2796 550 2869 artis
576 2796 732 2885 ratione,
760 2797 808 2867 ita
828 2807 870 2866 ut
892 2779 1016 2892 neque
1037 2818 1110 2863 una
1130 2795 1343 2867 narratione
1364 2795 1657 2887 continerentur,
1681 2825 1804 2901 neque
1824 2798 1887 2874 ha-

241 2956 243 2960 <
287 2921 432 3009 herent,
457 2941 534 3018 quo
560 2917 775 2988 interiorem
798 2911 988 3014 quendam
1010 2939 1150 2988 nexum
1176 2916 1287 3016 atque
1313 2915 1487 3013 ordinem
1508 2934 1710 2992 servarent.
1759 2919 1886 3015 Quare

288 3038 342 3131 fit,
362 3053 405 3112 ut
423 3053 522 3110 recte
542 3066 563 3110 a
581 3038 818 3138 grammatico
843 3039 1006 3129 κωμῳδίαι
1027 3040 1252 3128 διερριμμένα
1271 3048 1462 3107 vocentur.
1515 3033 1664 3130 Quanto
1687 3041 1802 3139 magis
1823 3067 1885 3113 au-

287 3154 364 3235 tem
381 3157 465 3260 jure
484 3158 699 3233 laudabitur
718 3154 979 3260 Epicharmus,
1006 3154 1088 3251 qui,
1113 3155 1209 3226 vitiis
1231 3152 1434 3246 declinatis,
1458 3156 1626 3253 studium
1648 3182 1691 3231 eo
1716 3159 1890 3252 contulit,

289 3296 331 3355 ut
355 3278 535 3379 majorem
558 3277 725 3352 fabulam
753 3276 984 3375 eandemque
1010 3273 1212 3372 perfectam
1236 3272 1445 3349 conficeret.
1494 3276 1623 3349 Altera
1647 3293 1769 3351 autam
1790 3278 1884 3369 laus,

240 3419 246 3427 '
288 3429 403 3503 quam
433 3400 481 3474 ad
504 3400 768 3484 sententiarum
793 3394 1051 3496 praestantiam
1077 3393 1264 3492 pertinere
1290 3392 1384 3493 dixi,
1417 3398 1545 3497 priore
1569 3420 1647 3468 non
1670 3398 1794 3468 minor
1824 3395 1886 3469 ba·

213 3523 215 3526 ’
270 3520 411 3612 banda
437 3508 498 3594 est
550 3516 701 3592 Etiamsi
727 3517 827 3588 enim
849 3531 995 3614 poetam
1014 3538 1090 3611 non
1117 3528 1285 3614 oporteat
1308 3514 1573 3618 philosophum
1597 3541 1687 3608 esse,
1714 3532 1755 3591 ut
1778 3519 1936 3622 etiam-J

289 3655 488 3745 praecepta
507 3637 698 3713 doctrinae
715 3633 866 3735 ‚tradere
889 3636 1016 3734 possit,
1041 3650 1164 3708 tamen
1184 3623 1220 3710 ot
1244 3637 1570 3711 commendationis
1595 3637 1680 3738 plus
1697 3637 1819 3729 babet,
1845 3642 1886 3712 in

291 3751 354 3837 illa
379 3784 533 3862 quoque
557 3759 587 3830 si
615 3753 782 3843 excellat,
810 3765 846 3826 et
868 3753 1081 3853 plurimum
1111 3756 1151 3826 in
1175 3769 1253 3828 arte
1280 3753 1447 3854 adjuvari
1474 3757 1568 3830 solet
1593 3759 1755 3858 ingenio,
1781 3757 1901 3857 quod

291 3880 340 3955 ad
363 3906 421 3963 res
446 3873 721 3979 philosophicas
746 3900 785 3946 se
805 3898 1029 3974 componere
1064 3870 1165 3945 baud
1190 3873 1362 3973 neglexit.
1424 3873 1550 3969 Quare
1581 3872 1671 3973 jure·
1699 3901 1767 3956 suo
1793 3877 1889 3953 fecit

290 4000 561 4103 grammatlcttS,
582 3992 688 4093 quod
701 3992 967 4095 Epicharmum
988 4004 1028 4085 τῇ
1048 3997 1176 4084 ποιήσει
1192 4003 1352 4087 γνωμικὸν
1374 4005 1429 4070 καὶ
1448 4000 1613 4088 εὑρετικόν
1626 4007 1684 4070 καὶ
1699 4004 1887 4092 andremo

291 4123 404 4195 fuisse
429 4116 600 4209 tradidit3
625 4102 749 4213 neque
774 4113 882 4188 altius
906 4114 1067 4225 petenda
1092 4133 1288 4210 causaest,
1312 4144 1381 4194 cur
1405 4119 1454 4194 ita
1477 4143 1563 4193 eum
1587 4118 1758 4197 adamare
1779 4121 1885 4193 tanti-

331 4428 335 4433 ·
376 4396 417 4453 12.
439 4396 494 4475 Ap.
514 4392 659 4453 Dindorf.
683 4415 752 4477 pag.
772 4396 826 4457 tx.
913 4395 957 4452 13.
978 4397 1033 4454 Ars
1053 4405 1137 4475 poet
1156 4394 1194 4456 V.
1213 4393 1241 4454 5.
1310 4397 1355 4459 14.
1375 4396 1418 4458 ld.
1440 4397 1491 4458 Vl.
1510 4394 1541 4458 8.
1562 4344 1644 4458 conf.
1665 4346 1796 4470 Harlesh,
1817 4416 1885 4476 pag.

425 4548 429 4566 ,
487 4490 538 4572 44,
574 4495 631 4557 uhi
652 4498 769 4560 erravit
790 4498 821 4558 in
842 4496 1103 4582 interpretatione
1123 4486 1309 4561 verborum:
1343 4494 1468 4578 μα’θοιις
1488 4507 1608 4580 ποιεῖν,1
1632 4497 1718 4582 quod
1738 4497 1887 4560 docemur

491 4601 591 4662 attero
611 4599 784 4695 Aristotelis
806 4600 884 4661 loco.
993 4658 997 4664 .

1172 4656 1176 4665 .
1266 4637 1350 4756 ..μ
