4364 5536
645 494 1052 587 ,-183-

101 719 302 820 scriptione
328 717 380 791 ibi
407 695 612 804 alerentur,
638 714 703 787 ubi
723 709 914 812 Euripidis
939 709 1102 802 subulae,
1128 709 1177 784 ad
1193 675 1292 814 quas
1318 717 1471 790 omnino
1488 741 1536 808 se
1558 745 1698 795 accom-

101 838 309 926 modarent,
337 837 480 922 στάσιμα
510 833 741 922 exhiberent,
776 857 941 934 quorum
974 857 1046 933 ope
1075 834 1186 905 totius
1220 835 1372 909 actionis
1402 851 1528 912 morae
1556 842 1696 945 expleri

19 1020 25 1027 .
99 986 208 1062 posse
237 955 464 1030 viderentur.
516 948 632 1051 Cujus
666 957 721 1043 rei
750 956 849 1028 testis
883 968 938 1028 est
968 953 1134 1053 locuples
1158 954 1362 1040 Euanthius
1395 960 1443 1031 ita
1473 961 1638 1039 tradens:
1655 973 1700 1031 ¹³.

102 1077 342 1155 comoedia
366 1088 520 1163 vetus,
561 1086 609 1143 ut
632 1072 685 1144 ab
713 1075 853 1148 initio
887 1075 1078 1155 chorus,
1100 1075 1191 1150 luit
1232 1079 1559 1183 paulatimque
1592 1111 1698 1183 per-

101 1225 324 1275 sonarum
355 1218 545 1270 numero
582 1195 630 1265 in
662 1195 875 1293 quinque
917 1210 1042 1268 actus
1075 1201 1335 1296 processit,
1378 1202 1437 1274 ita
1470 1203 1699 1302 paulatim

98 1322 232 1394 velut
265 1319 431 1391 attrito
465 1329 602 1414 atque
640 1327 897 1387 extenuato
932 1315 1079 1389 choro
1113 1310 1169 1391 ad
1204 1343 1373 1392 novam
1407 1324 1698 1402 comoediam

101 1437 379 1540 (Graecorum)
402 1437 472 1508 sic
498 1437 734 1533 pervenit,
759 1439 818 1510 'ut
843 1439 889 1509 in
912 1463 960 1509 ea
984 1463 1074 1509 non
1107 1438 1362 1512 inducatur
1393 1440 1584 1536 chorus,
1618 1448 1700 1522 sed
1808 1468 1810 1473 '

98 1592 153 1637 ne
182 1564 312 1637 locus
341 1554 534 1657 quidem
567 1554 694 1628 ullus
727 1555 815 1656 jam
848 1554 971 1657 (apud
989 1555 1161 1655 Latinos)
1192 1559 1500 1659 relinquatur
1533 1564 1698 1664 ch0r0;

97 1684 144 1758 ad
169 1707 265 1781 quae
290 1671 426 1752 deiude
453 1674 543 1748 haec
566 1671 813 1773 adjiciuntur:
840 1672 1086 1760 admonuit
1115 1692 1298 1777 poetas,
1335 1681 1485 1779 primo
1507 1683 1699 1783 ¹quidem

98 1805 264 1880 choros
291 1799 695 1900 praetermittere,
721 1794 870 1872 locum
896 1798 961 1872 eis
986 1798 1338 1898 relinquentes,
1367 1813 1416 1871 ut
1440 1801 1698 1882 Menander

95 1924 231 2015 secit3
269 1934 504 2022 postremo
531 1944 587 1991 ne
620 1917 772 1989 locum
805 1916 999 2018 quidem
1027 1900 1354 2020 reliquerunt,
1388 1922 1517 2019 quod
1540 1925 1695 2002 Latini

96 2045 319 2118 fecerunt
344 2040 521 2114 comici.
574 2036 650 2132 Qui
682 2062 764 2109 rem
786 2036 905 2144 'latius
937 2042 1047 2113 etiam
1075 2043 1250 2142 persequi
1275 2039 1387 2130 volet,
1423 2056 1465 2115 ut
1484 2047 1694 2146 perspiciat,

94 2170 279 2242 Romanos
303 2164 455 2236 omnino
481 2160 528 2234 ab
558 2158 624 2231 illo
647 2179 753 2229 more
775 2156 1006 2251 abstinuisse,
1032 2161 1061 2236 is
1088 2162 1260 2261 inspiciat
1285 2160 1486 2234 Hermanni
1512 2165 1696 2242 nobilissi=

95 2314 194 2360 mam
217 2285 518 2383 disputationem,
553 2305 666 2379 quam
696 2278 887 2377 opusculis
917 2283 991 2353 suis
1018 2282 1183 2353 inseruit.
1200 2280 1245 2341 ¹4·
1295 2280 1395 2355 Illud
1420 2296 1554 2376 autem,
1590 2290 1695 2388 quod

97 2407 136 2477 in
160 2401 350 2476 nonnullis
370 2402 489 2468 Plauti
515 2400 651 2465 sabulis
673 2399 821 2489 legitur,
836 2400 879 2454 ¹5·
913 2400 954 2468 id
984 2401 1031 2469 ita
1055 2403 1262 2473 institutum
1283 2399 1444 2494 videtur,
1470 2418 1511 2478 ut
1533 2407 1694 2485 tibicinis

28 2505 37 2521 ⁰
96 2522 208 2598 ludus
224 2520 282 2594 'ad
305 2514 480 2592 tuendam
504 2511 653 2587 fabulae
676 2514 930 2585 oeconomiam
955 2511 1211 2589 adhiberetur.

875 2761 909 2829 5.

191 2997 274 3070 Jam
317 3020 361 3070 eo
397 2992 609 3096 pervenisse
641 2990 752 3065 nobis
805 2990 992 3083 videmur,
1030 3007 1073 3066 ut
1119 3008 1194 3067 tota
1241 2995 1450 3101 disputatio,
1487 3007 1536 3081 ad
1581 3007 1693 3088 finem

95 3118 314 3206 adducatur,
354 3140 441 3187 cum
487 3111 668 3186 nonnulla
702 3111 749 3184 de
794 3110 945 3185 dicendi
983 3136 1117 3209 genere
1156 3119 1320 3215 exposita
1358 3121 1508 3198 suerint.
1575 3127 1702 3225 Quod·
1738 3117 1740 3121 ⁸

94 3255 216 3314 autem
252 3236 301 3311 de
341 3260 476 3336 genere
510 3231 661 3306 dicendi
707 3227 781 3303 dici
815 3229 938 3329 debet,
978 3257 1054 3331 quo
1084 3258 1203 3307 novae
1234 3238 1447 3314 comoediae
1491 3249 1693 3349 scriptores

94 3361 306 3448 utebantur,
348 3357 389 3429 id
424 3383 470 3429 ex
498 3356 610 3428 totius
648 3353 771 3425 aetatis
812 3350 977 3422 oratione
1022 3352 1301 3450 quodammodo
1348 3362 1591 3463 repetendum
1636 3375 1691 3444 ri-

95 3483 218 3571 detur,
252 3505 365 3580 quam
393 3500 555 3574 aequum
577 3487 631 3546 est
647 3488 771 3573 poetas
793 3469 965 3546 deserere
991 3465 1166 3565 noluisse,
1190 3479 1504 3578 quemadmodum
1527 3512 1586 3562 res
1610 3493 1690 3591 ipsa
1735 3564 1739 3573 ,

94 3604 240 3703 cognita
267 3597 428 3673 debebit.
480 3593 709 3694 Plerumque
734 3595 832 3666 enim
854 3591 907 3683 fit,
937 3606 978 3665 ut
996 3591 1043 3665 ad
1064 3593 1262 3695 scriptores
1285 3627 1402 3700 paene
1424 3627 1548 3680 omnes
1569 3610 1691 3704 pluri.

94 3747 196 3793 mum
220 3713 335 3820 possit
353 3713 608 3815 majoremque
631 3715 710 3786 rim
731 3714 861 3788 habeat
884 3714 995 3786 totius
1019 3715 1132 3787 seculi
1152 3733 1294 3807 natura,
1321 3723 1506 3820 cogitandi
1530 3734 1693 3807 sentien-

92 3841 207 3940 dique
234 3840 339 3929 ratio,
366 3839 404 3909 in
430 3863 506 3935 qua
530 3833 696 3908 homines
722 3836 793 3909 sibi
819 3837 999 3937 placeant,
1025 3836 1137 3909 animi
1168 3838 1381 3938 ingeniique
1407 3845 1540 3940 cultus,
1567 3850 1687 3929 homi.

91 3990 181 4034 num
206 3987 294 4036 usus
317 3984 360 4031 ac
386 3954 628 4048 consuetudo,
654 3955 816 4055 denique
838 3982 903 4030 sua
925 3957 1103 4057 ipsorum·
1121 3957 1269 4030 fortuna
1295 3975 1332 4032 et
1357 3962 1534 4040 conditio.
1585 3973 1688 4050 Haec

92 4087 202 4185 igitur
224 4100 260 4157 et
277 4081 363 4155 talia
384 4076 717 4177 circumspicienda
740 4091 839 4169 sunt,
865 4104 951 4151 curn
977 4104 1065 4152 rere
1092 4077 1260 4179 judicare
1283 4081 1468 4178 volumus,
1488 4087 1583 4189 quid
1609 4099 1688 4170 cui.

177 4374 221 4432 13.
240 4373 389 4466 Euanth3
401 4372 438 4432 de
459 4391 540 4431 com.
562 4377 595 4429 et
614 4377 693 4452 trag.
713 4367 843 4453 pag.98.
932 4368 975 4436 ll.
995 4370 1044 4431 De
1063 4371 1187 4432 cantico
1203 4328 1238 4432 in
1254 4370 1466 4438 Romanorum
1484 4379 1598 4467 fpbnlis
1617 4407 1688 4451 κο.

286 4476 362 4536 nicis
394 4475 513 4535 dissert
545 4471 576 4530 iu
599 4471 751 4553 Opnscul.
779 4474 851 4538 vot
871 4476 893 4537 1.
922 4497 991 4558 pag.
1021 4468 1216 4542 wib-307.
1295 4523 1298 4527 -
1331 4478 1377 4540 ¹⁵.
1394 4480 1538 4547 Pseudol.
1556 4490 1580 4551 l.
1599 4488 1628 4559 b.
1654 4516 1684 4553 v.

287 4574 356 4641 160.
374 4576 412 4638 cf.
432 4575 533 4639 Stich.
551 4576 593 4642 V.
610 4574 640 4636 5.
657 4585 690 4639 et
707 4573 740 4638 6.
825 4631 829 4639 .
