4364 5536
294 629 335 735 id
359 658 464 762 quod
493 660 531 731 in
549 652 805 755 Aristophanis
824 651 937 730 Pluto
965 650 1140 752 pluribus
1167 650 1205 721 in
1226 647 1318 722 loeis
1339 649 1496 749 probari
1516 648 1641 748 possit.
1694 646 1803 744 Quae
1827 649 1905 739 alia
1939 733 1942 737 ,

295 782 435 856 cantica
471 776 593 850 eidem
624 775 772 849 fabulae
797 776 1065 864 immiscentur,
1107 800 1150 845 ea
1175 769 1259 845 ideo
1282 771 1445 844 instituta
1470 770 1660 859 videntur,
1698 785 1742 845 ut
1759 787 1908 859 actores

294 903 528 1002 requiescere
541 908 712 994 possent,
734 891 1052 996 quemadmodum
1072 893 1299 993 grammatici
1322 890 1525 982 tradidere,
1551 893 1748 979 autetiam
1763 920 1908 977 sermo-

294 1047 359 1095 nes
386 1028 472 1093 c'um
501 1018 588 1118 ipsis
618 1013 890 1089 conferrentur.
944 1012 1110 1086 Omnino
1138 1026 1260 1085 autem
1293 1011 1397 1113 quod
1426 1014 1614 1112 parabasis
1640 1015 1758 1088 omitti
1781 1019 1910 1116 potul&
1950 1108 1958 1121 ‚

194 1139 208 1228 s
294 1138 418 1216 medio
443 1141 482 1211 iu
508 1164 656 1239 genere,
684 1135 725 1210 id
753 1135 908 1236 quidem
931 1137 1172 1238 perspicuum
1198 1134 1270 1206 erit
1295 1158 1341 1205 ex
1366 1132 1431 1222 eis,
1458 1160 1554 1233 quae
1578 1135 1754 1237 pluribus
1777 1136 1908 1218 serbis

295 1259 342 1335 de
362 1257 536 1359 choragia
556 1257 702 1333 sublata
729 1273 1013 1333 commemorata
1039 1271 1134 1330 sunt.
1187 1256 1241 1330 Ne
1265 1252 1425 1343 mireris,
1450 1252 1556 1353 quod
1579 1250 1781 1357 praecipua
1798 1257 1908 1351 chori

293 1407 387 1483 pars·
406 1378 657 1474 intercideret,
696 1411 771 1488 qua
799 1406 941 1456 summa
970 1390 1006 1449 et
1030 1375 1187 1450 canendi
1215 1391 1251 1450 et
1278 1373 1433 1449 saltandi
1461 1402 1520 1448 ars
1550 1395 1781 1473 cerneretur,
1813 1407 1908 1465 {cum

163 1521 166 1525 ’
294 1520 506 1605 temporum
531 1504 670 1603 inopia.
683 1501 868 1577 choreutis
894 1496 1161 1598 praeparandis
1188 1522 1277 1597 opes
1304 1490 1484 1586 deessent,
1511 1511 1623 1597 atque
1649 1500 1771 1585 etiam,
1784 1497 1905 1587 homi.

294 1652 385 1699 num
411 1626 603 1724 iniquitate
631 1620 855 1699 lacesscendi
880 1619 1058 1712 studium,
1088 1621 1148 1695 cui
1176 1635 1305 1722 poetae
1332 1620 1372 1693 in
1397 1619 1567 1722 parabasi
1594 1620 1906 1724 indulgere-con-

177 1735 181 1742 ¹
294 1761 473 1840 suessent,
500 1748 611 1823 nimis
639 1747 844 1821 coercitum
865 1741 1073 1817 videretur.

1749 1890 1831 1905 ἱ.

1214 1933 1312 1943 ···
1587 1908 1757 1946 ’τ-ἰε·.·

1081 1991 1114 2062 5.
1674 2026 1755 2067 ,Ι
1843 2030 1877 2067 Ι,

1705 2146 1709 2157 .

392 2224 723 2327 Quemadmodum
741 2249 871 2299 rerum
893 2226 1061 2327 ipsarum
1079 2242 1212 2301 natura
1232 2227 1355 2304 media
1376 2227 1569 2305 comoedia
1591 2226 1803 2329 arb-antiqua
1823 2225 1900 2303 dil·

294 2351 421 2441 ferret,
440 2353 524 2427 satis
545 2348 756 2437 docuimus;
776 2342 851 2444 jam
872 2350 942 2420 erit
961 2349 1237 2449 explicandum,
1258 2377 1335 2451 quo
1357 2351 1506 2427 dicendi
1530 2332 1794 2454 generefmedii
1813 2375 1906 2451 poe,-

294 2486 351 2547 tae
371 2471 424 2544 uti
447 2468 646 2543 voluerint.
698 2464 902 2567 Antiquam
932 2468 1163 2549 comoediam
1186 2494 1314 2549 omnes
1343 2472 1491 2546 dicendi
1515 2469 1647 2546 modos
1667 2471 1765 2545 mira
1782 2471 1905 2553 >varia

292 2605 363 2665 tate
388 2587 613 2681 adhibuisse,
635 2614 750 2691 supra
774 2587 979 2662 indicatum
1000 2603 1069 2681 est3
1095 2589 1264 2663 medium
1286 2616 1377 2664 vero
1403 2617 1518 2690 genus
1543 2590 1681 2685 cultam
1700 2590 1847 2690 ubique
1868 2606 1905 2667 et

292 2727 532 2812 temperatam
549 2712 755 2785 orationem
772 2709 938 2811 adoptat,
956 2736 1051 2809 quae
1072 2735 1195 2808 neque
1214 2712 1397 2801 acumine,
1416 2734 1542 2811 neque
1557 2709 1718 2793 fulmine
1732 2709 1902 2802 'excellat
1942 2750 1945 2760 ·

278 2833 358 2907 'sed
375 2858 452 2907 uno
478 2849 621 2923 tenore,
646 2847 687 2906 ut
714 2827 831 2931 ajunt,
857 2832 896 2906 in
920 2830 1081 2905 dicendo
1098 2831 1202 2921 fluat,
1223 2830 1318 2904 nihil
1338 2832 1494 2906 afferens
1508 2846 1668 2931 ‚praeter
1692 2816 1905 2907 facilium·
1986 2928 1989 2932 Ι

293 2969 328 3028 et
351 2951 666 3050 aequabilitatem,
693 2955 918 3026 ornamentis
942 2952 1099 3027 modicis
1120 2953 1325 3028 verborum
1349 2955 1692 3055 sententiarumque
1718 2953 1902 3035 distincta.

291 3072 456 3145 Pertinet
482 3072 594 3171 igitur
618 3070 715 3145 illud
740 3099 870 3173 genus,
906 3075 1011 3177 quod
1034 3078 1159 3178 paucis
1185 3074 1462 3175 descripsimus,
1478 3124 1481 3129 ·
1495 3072 1904 3166 ad-eamorationem,

292 3221 387 3295 quae
412 3195 572 3279 Socratis
604 3195 837 3297 temporibus
860 3200 1021 3271 maxime
1046 3196 1184 3287 lloruit,
1212 3221 1384 3296 quaeque
1409 3194 1457 3269 ab
1483 3196 1548 3270 illo
1573 3197 1653 3298 ipso
1672 3196 1826 3273 exculta
1836 3194 1905 3281 lau·¹

289 3314 372 3390 beri
393 3310 515 3388 debet.
567 3317 720 3418 Respuit
741 3319 840 3390 enim
852 3316 1119 3423 philosophiae
1139 3318 1314 3418 princeps
1336 3316 1445 3390 illum
1465 3316 1723 3419 sophistarum
1742 3340 1903 3407 morem,

290 3462 465 3536 quorum,
486 3452 529 3510 ut
546 3437 728 3511 traditum
752 3452 817 3529 est,
841 3441 967 3513 omnia
990 3438 1127 3538 scripta
1150 3439 1259 3510 nimis
1281 3451 1400 3512 essent
1419 3463 1633 3528 numerosa,
1651 3452 1693 3512 ut
1710 3439 1903 3540 pariapaff

289 3545 394 3634 ribus
429 3557 605 3658 adjuncta
638 3573 674 3633 et
710 3560 880 3633 similiter
914 3554 1077 3646 delinita,
1120 3559 1285 3660 itemque
1324 3563 1521 3653 contrariis
1551 3558 1666 3641 relata
1703 3562 1903 3651 sonuum,

288 3684 411 3757 omnia
455 3698 586 3782 sponte
627 3681 762 3757 cadere
805 3705 1010 3755 numerose
1037 3675 1267 3753 viderentur.
1317 3682 1455 3779 ...Quis
1494 3685 1638 3784 primus
1686 3680 1905 3759 inveniendi

285 3800 413 3890 fuerit,
478 3803 626 3876 Tullius
673 3805 721 3877 ita
766 3801 895 3876 refert:
924 3804 948 3861 ¹·
1026 3801 1151 3879 Haec
1213 3816 1450 3876 tractasse
1500 3802 1906 3906 Thrasymachum

287 3917 666 3996 Chalcedonium
691 3924 895 4023 primum
920 3934 962 3993 et
987 3919 1271 3996 Leontinum
1296 3922 1456 3999 ferunt
1482 3922 1728 4026 Gor-giam:
1749 3922 1906 4014 ‚Theo-

250 4038 455 4116 'dorum
481 4040 591 4117 inde
614 4044 895 4144 Byzantium
927 4042 1194 4144 multosque
1225 4042 1365 4133 alios„
1410 4068 1524 4143 quos
1566 4052 1908 4139 toyodaadrltovc

118 4171 157 4183 ““
287 4163 507 4264 appellat
539 4165 587 4243 in
612 4163 834 4240 Phaedro
868 4169 1113 4242 Socrates:
1147 4190 1358 4267 qaorum
1390 4170 1511 4243 satis
1544 4168 1905 4270 argutamulta,
1955 4170 1960 4175 ’

288 4284 440 4360 sed-ut
464 4285 602 4367 modo
626 4285 936 4387 primumque
956 4287 1460 4383 nascent-inminuta,
1485 4304 1530 4365 et
1553 4291 1906 4379 versiculorum

368 4552 391 4614 1.
418 4548 511 4609 Orat.
534 4548 578 4609 19.
604 4550 686 4611 conf.
706 4550 793 4610 Brut
815 4549 846 4612 8

912 4670 917 4679 ι

900 4678 906 4715 Ι
933 4684 941 4697 t

930 4720 936 4729 ι
