4364 5536
927 460 1235 565 Ι.--1-,εο--

288 690 525 791 inpartibus
550 704 759 795 carperent,
784 702 826 763 ut
850 701 911 762 aut
936 683 1032 771 male
1059 676 1258 756 cohaerere
1290 708 1348 757 eas
1365 683 1554 775 dicerent,
1591 687 1792 760 autetiam
1823 686 1893 764 ἰή-
1972 780 1977 788 Ι

285 839 381 914 gere
410 829 446 885 et
468 808 564 912 justo
588 811 698 911 plura
722 834 886 883 narrare.
936 804 1245 905 Atpraeclarum
1264 804 1361 881 illud
1378 806 1553 880 Euanthii
1586 821 1652 898 est,
1684 804 1790 927 cujus
1823 835 1896 911 ope

287 922 586 1031 'infringi'altera
613 930 738 1029 opinio
762 916 890 1029 possit:
906 929 931 986 ⁵·
968 926 1204 1024 (Terentius)
1235 925 1363 1023 quod
1387 926 1539 1001 media
1564 930 1730 1028 primis
1757 943 1897 1033 atque

293 1038 547 1152 postremis
573 1051 844 1138 ita-nexuit,
880 1063 929 1121 ut
954 1047 1075 1120 nihil
1108 1045 1319 1118 additum
1341 1045 1506 1135 alteri,
1540 1047 1621 1120 sed
1653 1063 1810 1149 aptum
1843 1078 1898 1126 ex

163 1162 165 1166 ¹
294 1187 593 1267 se,‚t0‚t‚um„,et
624 1196 714 1243 uno
747 1193 949 1267 corpore
980 1165 1204 1252 videatur
1226 1190 1328 1239 ‘esse
1354 1170 1897 1266 compositum-Alterum

296 1270 419 1366 autem
442 1305 639 1392 spectatur,
679 1305 721 1360 ut
749 1288 925 1376 arbitror,
968 1288 1006 1359 in
1030 1286 1197 1360 Andriae
1230 1286 1459 1387 primordiis,
1502 1290 1704 1388 inquibus
1726 1296 1893 1367 narratio

297 1415 381 1511 satis
407 1412 517 1512 longa
542 1412 601 1498 sit,
624 1421 660 1480 et
684 1407 878 1506 loquacior
902 1407 1074 1482 videatur
1099 1411 1200 1483 Simo
1222 1394 1334 1483 senex
1359 1409 1422 1480 ille
1446 1408 1611 1509 quidem.
1662 1406 1711 1481 At
1728 1435 1822 1485 vero
1841 1438 1896 1486 ee·

241 1564 247 1569 ·
296 1522 370 1623 nell
395 1545 460 1605 est:
501 1527 606 1602 dccet
639 1527 742 1600 illam
772 1542 925 1601 aetatem
950 1529 1015 1602 illa
1044 1532 1180 1619 orati03
1222 1529 1331 1602 datur
1355 1530 1444 1604 baec
1468 1532 1576 1603 venia
1599 1534 1789 1605 senectuti.
1840 1533 1896 1607 Ea

297 1667 420 1728 autem
445 1665 498 1723 est
515 1650 674 1723 bominis
699 1647 886 1738 facundia,
910 1675 1005 1747 quae
1030 1649 1067 1720 in
1088 1663 1228 1748 pectus,
1254 1648 1355 1721 unde
1379 1664 1586 1749 promanat,
1613 1650 1720 1724 altius
1744 1649 1896 1727 descen·

297 1772 375 1863 dat,
401 1796 443 1867 ea
465 1773 505 1844 in
531 1769 691 1867 dicendo
716 1774 784 1862 vis,
811 1786 852 1843 ut
876 1772 954 1868 geri
978 1795 1071 1857 rem,
1095 1792 1173 1839 non
1196 1771 1342 1841 narrari
1363 1785 1489 1870 putes;
1524 1786 1600 1844 tam
1619 1787 1717 1871 apte,
1738 1785 1817 1847 tam
1837 1770 1895 1873 ju.

297 1890 420 1965 cunde
452 1893 529 1990 ipse
557 1904 696 1979 narrat,
731 1905 773 1963 ut
799 1893 915 1991 magis
946 1892 1134 1989 magisque
1167 1889 1358 1985 capiamur
1397 1904 1433 1963 et
1466 1890 1575 1964 docta
1605 1892 1671 1967 illa
1695 1907 1808 1994 atque
1840 1920 1896 1969 sa-

294 2015 419 2111 piente
449 2012 544 2085 senis
576 2012 741 2097 oratione
771 2011 908 2083 mirum
938 2013 978 2081 in
1005 2008 1157 2082 modum
1178 2007 1416 2080 delectemur.
1466 2008 1652 2084 Lucidum
1677 2036 1770 2086 vero
1795 2013 1898 2088 ordi·

296 2158 396 2221 uem,
425 2131 490 2229 qui
518 2132 556 2202 in
579 2131 792 2201 narratione
816 2146 957 2230 regnat,
985 2129 1112 2203 laudat
1137 2128 1269 2202 Cicero
1296 2132 1334 2201 in
1355 2130 1459 2205 bunc
1480 2130 1652 2207 modum:
1669 2134 1696 2192 ⁶·
1739 2134 1899 2209 Parti·

297 2265 375 2324 tur
408 2247 528 2349 apud
553 2249 836 2323 Terentium
869 2251 1085 2324 breviter
1117 2267 1159 2325 et
1183 2248 1417 2325 commode
1449 2276 1585 2324 senex
1617 2253 1664 2325 in
1687 2250 1897 2347 Andria,

292 2393 414 2468 ‚quae
441 2392 736 2466 cognoscere
763 2366 997 2455 'libertum
1027 2372 1172 2455 velitt

495 2508 550 2568 Eo
591 2516 710 2588 pacto
752 2515 793 2567 et
833 2506 947 2588 gnati
989 2506 1134 2584 vitam,
1176 2520 1215 2571 et
1256 2511 1478 2574 consilium
1517 2532 1642 2573 meum
1769 2539 1772 2545 ·
1869 2590 1876 2599 .

494 2613 740 2693 Cognosces,
783 2621 823 2672 ct
863 2609 960 2693 quid
1001 2610 1140 2674 iacere
1183 2614 1223 2673 in
1264 2613 1338 2676 hac
1379 2635 1421 2675 re
1463 2624 1503 2675 te
1545 2615 1682 2679 velim.
1721 2658 1724 2663 -

300 2736 467 2837 Itaque
501 2736 893 2833 quemadmodum
927 2740 974 2810 in
1006 2740 1271 2837 partitione
1313 2745 1587 2843 proposuit,
1631 2733 1694 2820 ita
1730 2761 1888 2823 narrat

300 2859 499 2958 primum
525 2859 655 2955 gnati
682 2861 842 2949 vitam3

494 2997 587 3053 Nam
628 2995 659 3053 is
700 3006 916 3075 postquam
955 2997 1134 3058 excessit
1174 3018 1219 3059 ex
1259 2999 1455 3082 Ephebis,
1496 3003 1630 3084 Sosia,

495 3096 688 3170 Liberius
730 3096 897 3157 vivendi
938 3098 1021 3161 suit
1061 3110 1266 3182 potestas.

209 3230 215 3237 ’
301 3223 485 3301 Deinde
517 3248 648 3296 suum
680 3221 945 3314 consilium3

495 3369 546 3429 Et
587 3387 693 3427 nunc
735 3365 777 3426 id
817 3386 982 3447 operam
1023 3363 1080 3426 do.

260 3582 263 3587 ,
300 3493 482 3568 Deinde
512 3489 628 3592 quid
659 3494 835 3564 Sosiam
863 3484 984 3563 'velit
1018 3490 1197 3583 lacere,
1234 3493 1305 3586 id,
1333 3497 1462 3598 quod
1495 3519 1788 3601 postremum
1816 3518 1898 3609 po'·

301 3619 395 3690 suit
425 3617 469 3688 in
499 3613 781 3714 partitione,
816 3627 1102 3713 postremum
1136 3613 1271 3688 dicit:

496 3756 608 3815 Nunc
650 3764 763 3814 tuum
804 3765 866 3816 est
906 3756 1103 3816 officium.

218 3966 222 3977 Ι
302 3877 703 3980 Quemadmodum
739 3880 885 3979 igitur
919 3880 995 3954 bic
1032 3898 1074 3955 et
1112 3882 1166 3957 ad
1206 3882 1403 3983 primam
1440 3912 1677 3991 quamque
1713 3909 1898 3995 partem

301 4007 505 4108 primum
529 4001 738 4089 accessit,
765 4016 830 4091 et,
855 4002 1074 4076 omnibus
1102 4003 1358 4095 absolutis,
1383 4004 1528 4082 finem
1547 4008 1739 4087 dicendi
1764 4012 1895 4090 fecit:

301 4125 523 4201 sicnobis
546 4123 701 4224 placet
735 4137 778 4194 et
802 4122 857 4196 ad
880 4122 1094 4222 sin'gulas
1120 4139 1276 4222 partes
1303 4124 1549 4221 accedere,
1582 4146 1648 4224 et,
1681 4134 1897 4210 omnibus
1953 4196 1958 4203 .

302 4244 558 4334 absolutis,
590 4267 829 4341 perorare.
880 4241 985 4317 Idem
1015 4241 1077 4317 bie
1105 4245 1242 4317 artium
1272 4245 1479 4346 intelligens
1514 4251 1748 4335 existimator,
1770 4252 1898 4331 laudnt

297 4520 303 4549 ⁷
383 4550 411 4613 ⁵.
430 4547 568 4614 Euenth.
590 4546 630 4613 de
647 4501 726 4613 eom.
748 4559 782 4616 et
800 4550 899 4633 trau,
918 4569 988 4632 pag.
1007 4547 1057 4619 29.
1144 4550 1170 4613 6.
1190 4550 1240 4615 De
1260 4548 1379 4614 invent.
1397 4553 1422 4620 Ι.
1441 4552 1492 4624 23.
1563 4518 1592 4585 ·'
