4364 5536
947 513 1482 661 -,11a-=

287 738 441 826 ,omnem
456 731 620 811 ¹salutem
641 732 680 804 in
705 747 836 804 manus
852 727 1018 806 ‘hominis
1039 729 1245 825 traderent,
1274 733 1337 836 qui
1369 733 1444 834 jam
1468 734 1561 808 olim
1586 756 1761 838 perverse
1783 738 1897 813 beness

288 855 384 934 liciis
409 853 551 959 patriae
575 879 662 929 usus
688 865 790 930 esses
841 850 1051 945 Alcibiades
1082 855 1209 956 igitur,
1239 881 1366 956 ,quem
1398 854 1570 947 dicimus,
1608 870 1753 930 tantum
1776 857 1898 933 valuit

288 977 394 1082 apud
419 976 516 1066 cives
539 1002 638 1067 suos,
661 990 706 1051 ut
729 977 838 1049 etiam
862 976 1017 1050 civitatis
1040 975 1202 1050 formam
1222 991 1366 1061 mutare
1391 995 1543 1078 posset·
1578 977 1695 1074 Quod
1722 992 1764 1051 ut
1784 974 1896 1078 perli-

290 1116 403 1193 ceret,
428 1099 561 1173 multas
586 1110 681 1170 artes
708 1094 889 1185 adhibuit,
926 1094 1150 1197 quae'bpno
1185 1097 1266 1170 cive
1300 1125 1453 1200 prorsus
1478 1099 1651 1202 indignae
1678 1100 1804 1174 haberi
1831 1099 1894 1174 de·

274 1216 412 1298 'beant
462 1220 566 1296 Adiit
589 1219 687 1292 enim
705 1215 1005 1320 Tissaphernem,
1026 1243 1112 1290 cum
1140 1219 1176 1289 in
1196 1217 1577 1296 Lacedaemoniorum
1596 1225 1755 1297 venisset
1773 1225 1894 1324 suspi-

291 1342 447 1435 cionem,
475 1345 584 1445 eique
607 1342 801 1443 persuasit,
826 1353 869 1413 ut
892 1341 1042 1440 parcius
1066 1339 1230 1414 solveret
1252 1344 1441 1442 pecunias,
1474 1345 1610 1446 quibus
1634 1343 1893 1445 Peloponnesii

292 1462 340 1537 ad
368 1489 427 1537 res
455 1487 539 1536 suas
575 1461 764 1563 augendas
796 1475 1002 1570 uterentur,
1013 1459 1040 1518 ⁶·
1072 1484 1158 1531 cum
1192 1459 1312 1560 probe
1345 1469 1585 1566 cognovisset,
1624 1466 1720 1555 lore,
1753 1479 1797 1539 ut
1823 1463 1922 1538 hoc-

289 1584 402 1685 modo
424 1609 510 1659 cum
528 1583 672 1669 civibus
695 1585 769 1658 suis
789 1585 827 1657 in
847 1586 1002 1685 gratiam
1022 1580 1147 1656 redire
1161 1592 1300 1680 posset.
1353 1580 1468 1677 Quod
1492 1584 1590 1658 idem
1609 1585 1895 1659 communicarit

290 1730 375 1781 cum
400 1707 538 1796 amicis,
571 1706 636 1807 qui
667 1701 770 1805 apud
794 1706 946 1778 Samum
972 1703 1312 1792 commorabantur,
1347 1696 1504 1801 adjecto,
1539 1730 1577 1778 se
1606 1704 1892 1806 Tissaphernem

209 1897 211 1912 ,
287 1825 428 1929 patriae
453 1826 738 1901 conciliaturum
761 1851 851 1916 esse,
876 1826 906 1898 si
929 1825 1008 1925 ipse
1034 1822 1129 1896 urbe
1156 1825 1404 1926 exciperetur,
1437 1840 1546 1927 atque
1570 1825 1803 1924 optimatium
1826 1847 1894 1925 po-

286 1957 395 2035 testas
419 1948 614 2021 constituta
639 1960 744 2038 esset,
768 1928 1112 2046 sublato'populari
1139 1946 1307 2046 imperio.
1324 1926 1360 2006 ⁷·¹
1390 1941 1685 2044 (iujusquidem
1710 1945 1764 2016 rei
1791 1942 1898 2018 fama*

288 2065 549 2155 ctththenas
569 2071 800 2172 pervasisset,
827 2067 993 2142 omnium
1011 2066 1127 2138 movit
1146 2063 1442 2154 admirationem,
1465 2089 1552 2137 cum
1574 2051 1763 2138 multiira
1787 2092 1891 2140 exar-

287 2188 495 2284 descerent,
521 2192 627 2293 quasi
647 2204 707 2267 res
732 2192 881 2292 civitate
906 2187 1060 2289 indigne
1081 2200 1186 2277 esset,
1206 2169 1275 2259 ‘atii
1301 2185 1409 2258 aliter
1431 2181 1637 2286 perturbati
1661 2186 1891 2263 viderentur.

287 2315 364 2388 Nec
382 2328 506 2391 tamen
531 2310 664 2385 fefellit
685 2336 768 2413 spes
792 2293 984 2384 hominem
1009 2304 1308 2399 audacissimum,
1336 2317 1752 2410 cum=consespreretur,
1788 2309 1892 2413 quod

287 2432 358 2507 sihi
384 2431 645 2533 proposuisset.
696 2430 876 2503 studebat
901 2431 998 2499 enim
1023 2453 1095 2524 pro
1110 2422 1220 2518 'virili
1242 2443 1361 2526 parte,
1386 2445 1431 2503 ut
1445 2432 1611 2529 primum
1631 2430 1728 2521 Sami
1748 2431 1802 2503 rei
1825 2457 1894 2531 pu-

288 2549 557 2638 blicae‘sorma,
571 2536 699 2647 'qualis
715 2544 916 2646 significata
934 2559 999 2633 est,
1013 2545 1283 2637 institueretur;
1299 2547 1413 2646 ¹quod
1432 2561 1517 2621 cum
1537 2549 1762 2649 perfecisset,
1781 2548 1892 2623 Atho-

288 2696 355 2745 nas
368 2667 621 2756 mittebantur,
636 2667 701 2767 qui
716 2679 818 2738 tanta
832 2665 1020 2738 celeritate
1033 2690 1189 2737 munere
1206 2665 1466 2766 fungerentur,
1480 2679 1534 2756 ut,
1553 2690 1629 2767 quo
1647 2669 1765 2743 resisti
1780 2685 1895 2771 posst,
2015 2710 2020 2726 ·

286 2805 431 2891 tempus
443 2812 520 2860 non
534 2768 697 2860 derebus
705 2783 735 2843 ⁸·
756 2780 865 2877 Quas
878 2780 1029 2884 quidem
1040 2785 1251 2858 constitutio
1266 2785 1387 2887 qualis
1400 2786 1526 2879 fuerit,
1535 2787 1775 2891 Thucydides
1788 2789 1893 2865 lucu·
1983 2883 1988 2895 ³

288 2911 399 2988 lenite
415 2905 590 2998 ostendit,
607 2904 833 3007 quiomnem
847 2905 1047 3005 potentiam
1061 2901 1191 2979 narrat
1199 2906 1377 2982 traditam
1391 2931 1467 2984 esse
1484 2913 1651 3011 quinque
1664 2911 1829 2987 millibus
1842 2914 1895 2988 ci·

285 3035 402 3124 vium,
417 3055 581 3133 quorum
593 3053 779 3102 summum
791 3039 883 3099 esset
894 3021 1073 3113 officium,
1086 3036 1127 3096 ut
1137 3027 1279 3125 patriae
1291 3027 1399 3101 saluti
1414 3028 1515 3100 omni
1531 3028 1644 3104 modo
1659 3032 1890 3127 inservirent,

287 3180 333 3229 ex
344 3153 480 3255 quibus
495 3151 631 3228 electus
645 3151 692 3224 sit
706 3162 850 3223 senatus
863 3144 1225 3245 quadringentorum
1241 3148 1425 3238 virorum,
1440 3145 1546 3248 cujus
1561 3151 1681 3227 omnis
1694 3156 1890 3230 auctoritas

280 3277 324 3348 in
344 3269 730 3370 rerumpublicarum
752 3260 1067 3353 administratione
1085 3264 1203 3363 posita
1222 3278 1325 3338 esset
1337 3267 1365 3326 ⁹·
1396 3266 1473 3345 Sed
1495 3292 1582 3340 cum
1600 3275 1725 3345 omnia
1745 3277 1891 3349 ratione

286 3397 485 3494 animoque
520 3389 732 3465 lustraveris
763 3408 974 3485 novamque
1007 3384 1151 3485 imperii
1180 3383 1342 3459 formam
1366 3387 1623 3490 perpenderis,
1650 3394 1689 3465 in
1712 3409 1891 3497 promptu

288 3531 353 3606 est,
377 3535 455 3587 non
477 3510 546 3595 diu
570 3523 667 3599 stare
691 3506 867 3610 potuisse,
894 3533 991 3606 quae
1009 3520 1110 3579 tanta
1135 3505 1324 3581 celeritate
1349 3512 1594 3610 atque'etiam
1607 3513 1825 3586 temeritate
1852 3516 1890 3587 in

287 3639 471 3712 civitatem
498 3635 643 3706 invecta
656 3642 771 3703 esset
823 3625 927 3722 Quid
953 3628 1066 3728 igitur
1085 3626 1226 3701 evenit?
1249 3627 1356 3702 multi
1383 3631 1528 3731 populi,
1560 3632 1608 3705 ad
1635 3612 1736 3733 ,quos
1758 3659 1890 3734 pcrve·
1995 3711 1999 3731 ,

289 3773 407 3848 uerat,
448 3781 528 3828 eam
552 3744 687 3824 tollere
717 3749 985 3849 properabant,
1023 3765 1066 3824 ut
1102 3751 1212 3823 etiam
1241 3750 1339 3824 Sami
1383 3754 1522 3853 prioris
1565 3750 1765 3828 sententiae
1808 3768 1914 3829 mu·‘
2046 3749 2050 3758 ’

286 3883 373 3954 tatio
405 3876 520 3952 fleret.
571 3871 628 3945 lbi'
654 3864 766 3960 enim,
792 3870 1031 3972 Thrasybulo
1061 3887 1097 3945 et
1121 3853 1321 3971 Thrasyllo
1349 3870 1579 3971 potissimum
1606 3877 1889 3967 auctoribus,¹⁰·

285 4027 408 4076 roseo
432 3996 593 4072 deducta
620 3986 686 4081 cst,
711 4006 753 4066 ut
774 3984 905 4094 populi
927 3990 1124 4092 imperium
1144 3985 1412 4079 restitueretur,
1436 3978 1521 4064 cum
1541 4017 1748 4092 paucorum
1773 3994 1889 4075 admi,-
1921 4013 1925 4020 ·

286 4122 453 4198 nistratio
479 4130 515 4190 et
534 4114 693 4189 libertati
717 4113 927 4213 perniciosa
953 4127 989 4187 et
1012 4112 1120 4188 saluti
1145 4113 1331 4185 communi
1358 4112 1480 4188 minus
1508 4099 1785 4190 accommodata
1811 4143 1887 4193 esse

286 4243 499 4332 videretur3
533 4238 684 4311 mittunt
709 4237 817 4309 etiam
840 4232 1044 4307 Chaeream
1070 4233 1257 4335 quendam
1277 4237 1314 4308 in
1338 4233 1486 4327 urbem,
1511 4225 1600 4337 qui,
1625 4234 1731 4336 quod
1755 4238 1888 4311 milites

367 4508 397 4582 o}
417 4518 563 4604 Thuoyd.
578 4511 784 4581 Vlll.45.46.
825 4517 990 4581 Plutarchi
1005 4516 1146 4613 Alcibiad
1177 4539 1203 4580 c.
1219 4517 1268 4580 25.
1345 4470 1381 4578 ³7.
1402 4517 1445 4579 ld.
1461 4513 1670 4607 Vlll.,47.48.
1756 4519 1782 4578 8.
1797 4518 1889 4581 Thra

484 4625 556 4710 cyd.
576 4624 657 4722 Vlll.
680 4616 729 4686 65.
749 4615 799 4726 67..
885 4622 911 4681 ⁹.
935 4620 1220 4695 td.v111.68.7s.
1308 4622 1353 4682 10.
1375 4620 1521 4707 Thucyd.
1540 4623 1620 4689 Vlll.
1643 4617 1693 4682 76.
1713 4618 1765 4684 80.
