4364 5536
954 438 1387 621 ..ὥ-ι’

292 781 368 858 que
391 751 558 831 studium
582 725 819 825 vehementer
843 744 1038 836 excitabat,
1063 759 1105 859 ut
1127 757 1280 839 taceam,
1306 760 1460 848 quantas
1484 749 1661 849 pecunias
1686 751 1726 827 in
1750 753 1897 832 easdem

292 902 352 953 res
377 872 636 979 profunderet.
1242 967 1248 973 ἢ
1397 862 1403 868 ’
1455 881 1458 886 ’

391 990 587 1101 Quicquid
608 1003 730 1064 autem
757 987 841 1078 erit,
876 984 982 1087 quod
1007 987 1047 1077 in
1065 985 1229 1064 'deorum
1255 989 1398 1066 cultum
1420 995 1606 1093 atquein
1624 995 1816 1097 praeclara
1840 999 1895 1070 in'-

289 1119 388 1220 genii
412 1100 576 1216 artisque
596 1124 835 1187 monumenta
855 1103 1066 1209 conjectum
1082 1101 1153 1189 est:
1181 1113 1312 1189 effusio
1337 1111 1492 1214 quidem
1511 1117 1648 1216 potius,
1670 1143 1783 1218 quarn
1804 1117 1895 1191 libe·

289 1239 416 1314 ralitas
442 1230 664 1311 aestimanda
689 1246 758 1324 est3
794 1229 861 1305 sed
885 1228 1015 1305 habuit
1039 1248 1175 1327 tamen,
1202 1245 1279 1337 quo
1305 1223 1354 1314 ad
1380 1235 1577 1337 honestetis
1607 1234 1758 1311 laudem
1770 1239 1895 1337 ‘perti-

211 1441 223 1452 ‚
290 1386 381 1434 nere
407 1373 538 1460 posset
591 1355 783 1450 Quantum
816 1353 915 1426 enim
937 1355 1154 1451 praestantis
1181 1356 1319 1454 ingenii
1354 1355 1409 1428 vis
1442 1368 1505 1428 aut
1531 1351 1692 1447 efficere,
1731 1371 1794 1430 aut
1817 1382 1894 1457 quo
1964 1418 1983 1445 ,,
2019 1446 2022 1450 ³
2091 1384 2097 1390 ·

289 1479 469 1584 progredi
500 1493 635 1581 posset,
676 1475 788 1576 quale
819 1475 867 1548 sit
892 1470 989 1546 illud
1014 1501 1234 1575 magnarum
1259 1476 1395 1549 artium
1421 1500 1551 1575 genus,
1593 1478 1652 1551 cui
1679 1474 1775 1551 nihil
1804 1475 1892 1552 addi

288 1601 417 1703 possit,
445 1597 550 1700 quod
574 1623 761 1680 summum
781 1612 817 1670 et
836 1594 1147 1695 perfectissimum
1170 1591 1354 1694 judicium
1372 1597 1431 1684 sit,
1458 1596 1499 1672 id
1520 1600 1684 1671 omnium
1710 1600 1810 1674 oculi
1831 1586 1894 1674 au‘.

288 1747 425 1831 resque
450 1721 647 1822 percipere
672 1731 885 1820 potuerunt.
937 1713 1040 1789 Illud
1064 1712 1221 1815 quidem
1246 1714 1509 1791 excellentium
1532 1720 1702 1792 virorum
1727 1720 1893 1795 studium

289 1836 663 1918 omnino'honestum
692 1855 782 1930 erat,
818 1839 909 1938 quia
931 1836 980 1912 ad
1008 1850 1129 1910 totum
1154 1833 1341 1938 populum
1368 1838 1591 1940 pertinebat,
1628 1866 1698 1915 nec
1722 1864 1814 1914 vero
1835 1841 1892 1915 -ad
1947 1892 1951 1898 -
2014 1890 2022 1902 «
2118 1880 2122 1893 ·

288 1965 468 2066 singulos,
490 1964 556 2064 qui
579 1959 658 2072 ejus
676 1961 877 2062 participes
894 1975 1029 2051 essent3
1043 1957 1194 2032 ¹deinde
1210 1961 1301 2059 quia
1319 1961 1617 2062 coniungebatur
1635 1985 1722 2035 cum
1742 1985 1799 2051 eo,
1825 1964 1892 2061 qui

288 2088 426 2185 cuique
452 2076 661 2156 carissimus
688 2105 764 2155 esse
790 2077 914 2170 debet,
948 2080 1093 2179 pietatis
1121 2108 1247 2175 sensu3
1290 2081 1455 2182 denique
1479 2082 1639 2156 multum
1664 2081 1891 2184 conferebat,

289 2221 330 2280 ut
354 2202 539 2305 judicium
554 2227 684 2276 eorum
705 2201 880 2290 aleretur,
896 2201 977 2300 qui,
1002 2200 1108 2301 quod
1128 2227 1166 2275 se
1186 2205 1330 2303 assequi
1355 2229 1463 2304 posse
1488 2200 1732 2292 confiderent,
1753 2187 1794 2275 id'
1815 2203 1893 2275 vel-
1925 2185 1932 2191 ⁵

287 2329 367 2402 lent
381 2310 575 2428 experiri¹
608 2326 672 2398 Eis
695 2325 822 2424 igitur,
849 2346 1013 2422 quorum
1033 2346 1166 2427 magna
1183 2325 1226 2398 in
1246 2349 1400 2424 quoque
1421 2350 1557 2424 genere
1582 2324 1661 2400 laus
1686 2339 1789 2416 esset,
1814 2327 1891 2398 sive

233 2534 251 2548 ,
288 2446 446 2521 artifices
475 2445 610 2519 scenici
642 2440 870 2515 haberentur
904 2445 982 2516 sive
1006 2445 1157 2519 musicis
1187 2442 1340 2536 eruditi,
1374 2448 1509 2525 eximia
1540 2447 1705 2546 praemia
1728 2448 1892 2548 proponi
1957 2434 1966 2448 ’

288 2565 561 2641 voluer-uncto
609 2562 739 2659 Neque
768 2549 884 2640 etiams
905 2575 1035 2660 poetae
1061 2562 1172 2635 laude
1203 2566 1449 2664 praemioque
1479 2587 1647 2655 caruere,
1686 2565 1790 2665 quod
1815 2591 1891 2640 non

286 2692 336 2764 ita
357 2688 534 2787 exiguum
554 2682 669 2754 fuisse
695 2704 767 2778 par
783 2694 856 2769 est,
882 2683 1060 2779 quoniam
1076 2680 1301 2781 Agyrrhius,
1327 2683 1474 2782 injuriis
1500 2685 1891 2786 comicorumpror'o-

288 2823 403 2898 catus,
439 2802 635 2906 populum·
650 2823 801 2873 movere
826 2799 1011 2892 studebat,
1052 2816 1094 2875 ut
1110 2800 1263 2904 'aliquid
1296 2800 1514 2877 detraheret
1566 2802 1669 2876 Illud
1693 2804 1815 2905 ipsum
1840 2822 1894 2880 est

286 2945 544 3028 tempusque
565 2921 674 2996 multi
697 2918 848 3022 opifices
868 2923 988 3023 magni
1010 2934 1046 2994 et
1059 2919 1150 2993 clari
1169 2919 1417 3025 fueruntqui
1432 2913 1473 2994 in
1491 2936 1569 2995 arte
1588 2911 1749 3011 sublime
1769 2926 1891 3027 quod·

286 3046 373 3121 dam
388 3044 523 3146 pulcro
538 3040 748 3116 immixtum
762 3043 1027 3142 exprimerent,
1054 3055 1094 3115 ut
1111 3043 1215 3141 quasi
1231 3041 1403 3116 divinum
1417 3040 1540 3117 rideri
1555 3059 1688 3143 posset.
1701 3041 1750 3106 ²8·
1774 3041 1888 3140 QuOd
1928 3077 1933 3111 :

285 3165 423 3241 deinde
450 3166 538 3240 artis
563 3170 679 3265 genus
701 3163 850 3253 exstitit,
889 3188 967 3263 quo
992 3161 1088 3236 nihil
1115 3187 1192 3236 esse
1211 3155 1334 3262 possit
1360 3165 1618 3264 praestantius,
1656 3179 1888 3265 quantopere
1940 3225 1944 3231 .
1984 3187 1993 3201 ”

286 3285 505 3362 excelluerit
529 3283 692 3357 mirabili
720 3281 880 3382 quadam
904 3291 1106 3376 venustate,
1144 3309 1219 3385 qua
1244 3308 1371 3359 omnes
1396 3311 1523 3359 sensus
1549 3281 1806 3383 perfunderet,
1849 3286 1889 3359 id

285 3411 437 3512 poterit,
465 3409 531 3508 q’ui
551 3405 665 3495 volet,
688 3429 735 3476 ex
758 3404 810 3477 eis
830 3426 1065 3502 cognoscere,
1096 3428 1192 3503 quae
1218 3401 1497 3503 prudentissimi
1519 3402 1686 3478 homines
1710 3430 1888 3506 exposue-

193 3591 201 3602 .
285 3545 386 3605 runt
398 3530 445 3587 29.
494 3528 576 3600 Jam
600 3523 726 3616 rideo,
751 3525 955 3600 nonnullos
985 3526 1128 3618 mirari,
1166 3523 1262 3626 quid
1279 3523 1369 3598 haec
1392 3527 1601 3625 pertineant
1627 3523 1675 3598 ad
1700 3511 1755 3616 ea,
1793 3552 1889 3626 quae

204 3648 210 3655 ’
284 3653 527 3752 quaerimusp
552 3646 619 3723 sed
645 3666 703 3722 res
730 3649 810 3748 ipsa
838 3646 1161 3756 cognita-docebit
1183 3671 1258 3738 eos,
1284 3671 1379 3748 opus
1404 3646 1469 3721 illa
1493 3645 1750 3747 explanatione
1776 3646 1887 3751 luisse

240 3873 245 3878 Π
283 3770 336 3847 ael
359 3766 639 3869 intelligendam
661 3769 776 3844 seculi
802 3773 984 3844 naturam.

1067 3976 1101 4043 2.

383 4163 489 4258 Quae
510 4179 546 4237 et
570 4162 691 4266 qualis
717 4160 872 4264 publica
884 4144 1164 4249 Atheniensium
1188 4165 1262 4237 rita
1287 4162 1412 4255 suerit,
1438 4187 1514 4266 quo
1536 4179 1703 4266 tempore
1724 4165 1885 4240 Pericles

285 4285 474 4385 ceterique
499 4282 667 4362 homines
693 4271 896 4390 populares
921 4284 1107 4362 civitatem
1126 4299 1312 4386 regerent,
1346 4287 1430 4361 satis
1455 4285 1680 4387 explicatum
1703 4285 1885 4378 arbitror3

296 4632 300 4640 .
337 4564 413 4644 Ἢ.
432 4555 546 4650 stasj
578 4509 902 4653 &tuttteattattntg
919 4571 970 4639 oe
987 4506 1135 4649 tttteaer,
1163 4567 1260 4657 tut
1289 4569 1334 4640 Θ.
1348 4571 1419 4641 132.
1503 4567 1550 4637 ts,
1572 4567 1795 4647 tttntstaoaa,
1824 4507 1885 4636 tto

327 4668 329 4673 λ
478 4662 857 4757 interclusurum,
875 4673 1052 4759 Manli.
1071 4669 1193 4758 556.ξῇ
1278 4672 1646 4756 2⁹,·1den111.,p.tlo
1664 4673 1737 4743 tos
1757 4691 1842 4755 seqq.
