4364 5536
950 487 1260 582 *132³-

304 713 492 814 jocositate
516 709 654 806 aliena3
696 711 763 786 sed
789 711 910 785 oritur
939 711 1118 812 quaestio,
1146 735 1222 811 qua
1246 707 1675 812 rationedristophanes
1700 737 1790 789 rem,
1808 712 1912 791 insti.

208 822 214 835 ¹
304 837 429 926 tuerit,
457 847 499 909 ut
524 836 562 908 in
588 832 801 908 comoediae
824 832 985 916 formam
1008 829 1204 932 redigeret.
1257 832 1343 928 Qua
1367 835 1406 906 in
1429 852 1472 906 re
1499 832 1719 933 explicanda
1734 828 1800 908 alii
1820 836 1912 937 plu.
1960 872 1976 913 -,

248 1044 261 1049 ..
305 983 363 1032 res
386 956 536 1029 versari
549 952 764 1053 voluerunt,
791 969 833 1028 ut
852 968 999 1056 tempus
1017 955 1259 1038 consumsisse
1284 951 1513 1043 videremur,
1538 955 1567 1026 si
1587 981 1668 1027 rem
1693 954 1741 1028 de
1764 957 1912 1059 integro

304 1077 500 1178 explorare
522 1073 712 1149 vellemus.
763 1076 891 1148 Exstat
916 1075 1015 1147 enim
1039 1074 1251 1148 doctissima
1269 1074 1443 1147 Grauerti
1470 1072 1681 1174 disputatio,
1694 1077 1741 1136 ³⁸·
1764 1104 1812 1151 ex
1833 1105 1913 1181 qua

304 1213 492 1300 appareat,
518 1198 680 1298 proponi
705 1195 896 1271 historiam
921 1195 1080 1268 hominis
1102 1194 1296 1295 cujusdam
1318 1197 1473 1286 ventosi,
1500 1193 1608 1294 cujus‘
1625 1221 1735 1270 omne
1758 1199 1912 1277 sudium

302 1320 343 1392 in
364 1308 535 1390 luxuriae
558 1318 678 1416 nugis,
699 1313 913 1405 mendaciis,
941 1314 1223 1414 gloriationlbus
1248 1318 1410 1417 positum
1437 1331 1546 1390 esset:
1577 1316 1618 1390 id
1645 1317 1750 1417 quod
1776 1335 1813 1393 et
1833 1323 1911 1396 sin·

228 1488 232 1495 ‹
303 1437 424 1538 gulari
451 1435 600 1515 fabulae
626 1435 735 1507 titulo
762 1451 797 1508 et
821 1435 1115 1537 fragmentorum
1142 1437 1269 1511 indole
1295 1437 1449 1537 intelligi
1476 1440 1635 1510 maxime
1662 1439 1783 1514 dehet
1836 1444 1909 1519 Ha·

301 1561 431 1634 bemus
446 1560 578 1659 igitur.
594 1557 633 1628 in
657 1553 899 1630 Aeolosicone
923 1554 1029 1639 Aeoli
1043 1556 1240 1656 Euripidei
1266 1559 1497 1649 irrisionem,
1517 1557 1621 1657 cujus
1646 1563 1785 1660 primas
1809 1565 1908 1657 Sico,

130 1659 132 1662 ,
231 1771 233 1773 ‚
271 1703 511 1778 scoquorum
543 1678 730 1778 princeps,
770 1678 852 1778 egit.
904 1680 1096 1750 Postremo
1125 1676 1207 1776 jure
1227 1676 1401 1750 laudatur
1419 1678 1559 1750 Eubuli
1585 1681 1692 1771 ratio,
1718 1683 1800 1780 qui,
1821 1683 1930 1759 eum*

299 1797 431 1872 medio
451 1799 489 1869 in
516 1823 651 1895 genere
678 1806 782 1886 esset,
818 1796 888 1869 sibi
913 1795 1037 1872 deesse
1055 1822 1142 1868 >non
1167 1796 1280 1870 vellet
1305 1799 1342 1869 in
1368 1797 1535 1872 ludendo
1560 1813 1682 1899 poeta,
1724 1802 1829 1903 cujus
1851 1806 1907 1881 in.

300 1920 409 2018 genio
436 1919 665 1991 comicorum
681 1916 854 2003 studium
882 1917 1058 2011 facillime
1091 1919 1241 1991 excitari
1273 1935 1403 2020 posset.
1456 1921 1649 1992 Pertinent
1672 1935 1796 1994 autem
1817 1922 1904 2016 huc,

228 2023 237 2033 ⁸
301 2063 397 2137 quae
420 2035 626 2109 Meinehius
654 2036 796 2109 erudite
822 2038 860 2107 in
887 2035 1161 2137 hiscxplicuit:
1178 2038 1224 2095 39,
1274 2039 1329 2112 At
1361 2066 1473 2141 prae
1503 2041 1678 2114 ceteris
1709 2042 1903 2147 Euripi·

300 2156 400 2230 dem
423 2156 792 2231 sibiridendum
816 2162 1124 2260 proposuisse
1149 2157 1365 2250 ridetur,
1393 2155 1528 2258 cujus
1551 2187 1715 2236 versus
1735 2165 1898 2239 subin·
1957 2256 1963 2263 .

301 2278 356 2351 de
380 2275 453 2348 vel
478 2277 679 2377 parodia
705 2256 823 2350 lusit
845 2277 919 2349 vel
945 2280 1160 2377 integros
1186 2279 1764 2381 immutato'squeridendi
1790 2295 1901 2359 cau·¹

299 2423 345 2470 sa
390 2401 592 2471 orationi
634 2423 743 2470 suae
792 2391 1011 2503 intexuit.
1087 2394 1154 2467 Ita
1196 2397 1245 2467 in
1284 2395 1531 2482 Amalthea
1573 2403 1736 2481 fabula
1777 2405 1903 2508 apud
1958 2454 1964 2458 .

298 2518 458 2594 Athen.
486 2518 531 2591 Π.
564 2547 601 2621 p.
624 2526 682 2596 63.
705 2516 741 2590 d.

624 2638 830 2727 Θερμότερον
870 2634 893 2724 ἢ
932 2636 1149 2727 κραυρότερον
1189 2632 1214 2722 ἢ
1250 2641 1359 2720 μέσως
1399 2648 1490 2728 ἔχον,

621 2747 707 2820 τοῦτῖ
747 2746 818 2807 ἔσθ’
865 2739 989 2830 ἑκάστῳ
1031 2744 1157 2822 μεῖζον,
1200 2736 1223 2822 ἢ
1266 2743 1402 2827 Τροιόιν1
1426 2743 1525 2813 ἑλεῖν.

298 2844 554 2946 secundum
577 2896 765 2944 versum
790 2898 844 2943 ex
864 2868 1113 2971 Euripidis
1136 2866 1358 2942 Androm.
1385 2876 1811 2961 369·-et'lnNannio
1835 2914 1897 2990 ap.

297 2993 457 3066 Athen.
483 2989 583 3063 XIII.
613 3018 649 3089 p.
672 2998 754 3066 569.
776 3017 807 3061 a.
1500 3090 1503 3097 .

616 3113 764 3192 Ἑλλάδος
805 3119 902 3201 ἔγωγε
941 3120 999 3200 τῆς
1039 3116 1251 3200 ταλαιπώρου
1295 3119 1413 3200 στένω,
1446 3209 1449 3213 ⁸
1507 3118 1540 3187 ¹.

622 3219 644 3302 ἢ
683 3218 809 3285 Κυδίαν
849 3215 1012 3302 ναύαρχον
1053 3218 1271 3298 ἐξεπέμψατο,
1314 3285 1343 3311 ,Ι
1433 3232 1451 3247 ·‘
1522 3314 1527 3326 .

295 3356 499 3456 primum
532 3332 715 3426 versum
748 3378 802 3425 ex
832 3347 982 3449 lphig.
1010 3344 1109 3417 Aul.
1136 3355 1220 3423 370.
1254 3344 1505 3424 derivarit.
1557 3355 1705 3430 Porro
1735 3359 1779 3434 iu
1808 3357 1897 3437 Or-

294 3474 433 3548 thane
465 3471 588 3574 apud
624 3471 869 3571 Athen3IH.
909 3497 945 3569 p.
972 3476 1052 3543 108.
1079 3466 1115 3539 b.
1149 3465 1202 3539 de
1234 3466 1484 3566 phaleride
1513 3472 1647 3552 dicit:
1674 3490 1797 3574 πηδᾷ,
1821 3513 1896 3572 χο-

296 3604 427 3690 ρεύει,
460 3608 596 3677 πῶλος
627 3600 679 3676 ὥς
713 3597 791 3663 αἀὀ
821 3600 961 3680 ζυγοῦ,
1004 3588 1180 3688 quibus
1216 3589 1381 3666 lisdem
1412 3597 1753 3695 propemodum
1786 3602 1895 3676 Vel·

294 3716 365 3790 his
405 3719 452 3802 in
483 3743 531 3787 re
562 3717 691 3789 seria
724 3699 936 3787 usus'est
967 3711 1131 3810 Eurip.
1165 3707 1316 3784 Orest.
1348 3717 1409 3791 45.
1472 3715 1697 3815 Ejusdem
1716 3737 1897 3822 poetpe
1956 3730 1961 3743 ‘

294 3838 626 3936 sigmatismum
645 3833 773 3907 ridet
796 3834 842 3905 in
863 3831 1128 3930 fragmfento
1151 3832 1362 3907 incertae
1385 3834 1573 3911 fabulae
1594 3839 1895 3940 apud-Schol.

294 3955 451 4053 Eurip.
488 3954 603 4026 Med.
640 3959 724 4034 473.
784 3956 852 4028 Ex
886 3951 1050 4025 eodem
1087 3951 1316 4055 parodiae
1348 3954 1513 4030 studio
1551 3945 1898 4058 deri'rarerim,

294 4100 413 4176 quae
450 4073 619 4172 passim
655 4073 1037 4175 deprehenditur
1062 4074 1107 4146 in
1146 4073 1445 4175 fragmentis,
1470 4081 1710 4179 'orationis
1749 4112 1894 4190 supra
1967 4094 1969 4098 ⁴

294 4219 478 4268 soccum
507 4194 750 4295 surgentis
780 4196 1120 4270 sublimitatem
1145 4201 1540 4300 numerorumque
1563 4203 1625 4276 in.
1649 4205 1895 4285 rehusle-

321 4520 330 4531 -
376 4475 423 4536 ³8·
444 4473 629 4558 htlttailcttt
660 4437 823 4560 wiricum,
864 4478 1025 4565 Sotrgunss
1042 4482 1079 4549 u.
1117 4427 1192 4562 Ml
1210 4483 1241 4550 1.
1292 4481 1336 4551 Θ.
1354 4480 1460 4566 (Μ.
1510 4484 1671 4574 &ultrano
1689 4488 1726 4558 ΙΙ.
1760 4425 1890 4577 ῷοᾘ.

489 4578 532 4648 Θ.
552 4574 615 4653 499
635 4576 667 4661 ff.
749 4583 796 4642 ³9.
817 4585 945 4662 Quaest.
965 4586 1093 4670 specim.
1115 4587 1165 4648 111.
1186 4606 1256 4671 pag.
1275 4581 1325 4656 16,
1346 4585 1417 4654 17.
