4364 5536
495 453 574 489 ”
706 429 1113 636 ἐιθᾰ-ῑ,

102 748 213 825 stent,
238 756 284 807 ex
309 730 446 831 quibus
463 730 558 804 ratio
579 742 770 830 appareat,
794 753 869 830 qua
887 751 1006 804 norae
1023 727 1237 806 comoediae
1251 733 1450 835 scriptores
1470 735 1507 809 in
1532 738 1699 837 personis

101 849 435 935 describendis'usi
453 851 549 924 sint:
586 863 711 923 tamen
736 848 992 924 excellentiam
1021 856 1357 954 praestantiamque
1377 854 1538 954 spondet
1559 883 1701 931 summa

103 990 298 1082 poetarum
319 973 411 1065 laus,
437 999 532 1075 quae
558 996 628 1072 per
655 996 765 1044 omne
789 973 936 1072 tempus
959 962 1185 1064 tradita'est
1238 974 1343 1070 Quae
1370 991 1411 1048 ut
1436 977 1589 1076 probari
1616 1005 1701 1078 pos-

101 1105 159 1193 sit,
184 1098 378 1200 sequimur
393 1094 622 1169 Meineltium
641 1092 788 1184 ducem,
814 1097 878 1195 qui
904 1120 1031 1169 omnes
1053 1098 1279 1198 scriptorum
1298 1098 1397 1171 locos
1419 1096 1493 1172 huc
1516 1100 1702 1200 pertinen-

101 1237 155 1297 tes
180 1219 417 1320 congesserit,
444 1211 953 1319 quorum'hos.appono:³⁸·
978 1219 1435 1323 splendidissimum
1460 1230 1604 1293 novae
1628 1244 1702 1293 co·
1731 1257 1738 1268 ·
1807 1220 1809 1225 ’

102 1342 308 1419 moediae
343 1338 476 1414 sidus
502 1354 703 1414 vocatur
728 1364 748 1410 a
774 1334 1091 1415 Christodoro
1116 1338 1288 1441 Ecphr.
1315 1346 1399 1419 362.
1746 1328 1754 1343 ’

310 1538 313 1546 ¹
347 1457 522 1538 ὅπλοτέρου
565 1452 690 1538 arsinoeo
733 1450 937 1541 σελάσφορος
978 1456 1119 1542 inpense¹
1155 1446 1279 1542 deniq.
1314 1456 1317 1460 ’

103 1574 253 1652 Schol.
281 1565 499 1667 Dionysii
529 1563 723 1639 Gr'amm.
752 1592 790 1667 p-
813 1570 897 1647 749.
926 1578 984 1648 13,
1027 1573 1219 1657 Μένανδρος
1241 1568 1361 1660 ἄστρον
1382 1576 1453 1642 ἐστὶ
1472 1584 1529 1662 τῆς
1549 1585 1622 1658 νέας
1643 1611 1705 1649 κω-

102 1703 233 1790 μῳδίας.
287 1694 361 1768 Sic
397 1687 537 1762 etiam
560 1687 769 1763 Eustath.
804 1688 862 1763 ad
888 1690 1010 1764 Hom.
1047 1693 1443 1790 p.1776.ts.1t0m.
1487 1693 1534 1766 ln
1562 1709 1705 1772 novae
1805 1778 1810 1785 ,

102 1810 386 1889 Comoedias
423 1834 647 1884 canonem
678 1838 780 1886 eum
812 1811 869 1885 ab
902 1810 1250 1886 Alexandrinis
1287 1818 1705 1918 grammaticisre-

102 1951 286 2038 ceptum
308 1933 483 2023 fuisse,
507 1958 600 2005 non
626 1931 977 2023 dubitaremus,
1005 1934 1041 2007 si
1064 1932 1140 2005 vel
1164 1935 1359 2008 maxime
1387 1930 1570 2013 diserto
1594 1945 1706 2017 Pro·
1823 1940 1826 1945 ⁴

104 2057 308 2158 culi,‚ut
333 2040 647 2129 Gra'mmatiei
680 2032 974 2128 Coisliniani
1008 2066 1051 2126 et
1077 2049 1306 2154 Anonymi
1339 2056 1395 2131 de
1420 2058 1537 2134 Com.
1565 2089 1601 2164 p.
1621 2062 1704 2137 Xll.

101 2178 374 2254 testimonio
400 2198 680 2249 careremus.
709 2171 754 2245 V.
777 2173 954 2248 Rubnh.
981 2174 1095 2249 Hist
1122 2176 1227 2247 crit.
1254 2172 1401 2252 Oratt.
1431 2181 1505 2255 Gr.
1530 2211 1569 2287 p.
1590 2185 1705 2262 XCV.

102 2299 217 2396 Cujus
243 2314 373 2398 poetae
399 2297 519 2398 gloria
546 2320 633 2369 cum
658 2308 759 2369 tanta
783 2294 911 2389 luerit,
938 2312 1065 2401 aperte
1090 2296 1324 2404 intelligitur,
1348 2327 1459 2404 saepe
1484 2332 1571 2380 eum
1594 2311 1708 2383 victo.
1778 2310 1811 2350 ·‘

102 2420 175 2492 rias
202 2417 394 2489 escenicis
418 2415 680 2485 certaminibus
705 2432 899 2510 reportare
920 2419 1095 2513 potuisse,
1123 2416 1171 2489 de
1196 2444 1360 2518 quorum
1383 2451 1539 2500 numero
1561 2425 1707 2504 Gellius

103 2538 291 2638 loquitur3
304 2536 353 2596 ³⁹·
372 2531 439 2608 sed
456 2529 689 2632 frequentius
712 2519 823 2604 etiam
839 2534 1012 2634 superior
1032 2533 1244 2609 decessisset
1261 2538 1485 2634 Menander,
1506 2546 1575 2618 nisi
1597 2548 1708 2625 obsti-

102 2664 203 2735 tisset
216 2648 617 2742 Philemonis'inr'idia,
639 2651 854 2727 auditorum
870 2650 1012 2753 judicia
1031 2658 1314 2763 corrumpentis.
1367 2661 1463 2736 Hinc
1481 2650 1708 2769 lepidissima

102 2781 167 2873 illa
192 2779 370 2867 narratio,
398 2803 472 2877 qua
492 2771 703 2848 Menander
723 2773 1013 2849 ,obtrectatorem
1037 2776 1087 2848 ita
1105 2765 1291 2853 ¹allocutus
1315 2779 1491 2859 traditur:
1520 2814 1618 2866 cum
1642 2822 1708 2870 me

100 2900 278 2989 vincis,
318 2894 557 2986 Philemo,
597 2920 689 2969 non
725 2894 998 2981 erubescis?
1046 2894 1102 2971 Ac
1128 2911 1248 2972 tamen
1275 2899 1428 3000 plurimi
1455 2907 1708 2993 Menandrum

102 3021 195 3096 adeo
220 3019 399 3095 admirari
425 3017 639 3107 voluerunt,
665 3029 707 3090 ut
727 3015 879 3089 summis
898 3008 1067 3092 omnium
1091 3032 1249 3093 aetatum
1273 3024 1391 3123 poetis
1420 3055 1708 3115 annumerarent

102 3140 359 3242 haberentque
391 3137 534 3249 fabulas
565 3133 646 3238 ejus
679 3139 717 3209 in
751 3133 908 3225 deliciis,
944 3160 1042 3236 quae
1073 3139 1162 3238 ipsis
1185 3141 1376 3218 Plutarchi
1402 3144 1633 3252 temporibus
1668 3165 1706 3236 in

100 3289 248 3339 scenam
273 3263 452 3339 committi
477 3258 651 3333 solerent
664 3256 726 3316 ⁴⁰v
762 3254 837 3332 Sed
860 3282 908 3330 ne
933 3257 1072 3332 multus
1095 3263 1167 3334 sim
1199 3265 1238 3337 in
1269 3262 1326 3338 his
1357 3265 1482 3362 rebus,
1521 3277 1706 3375 mitto-ea,

103 3411 200 3488 quae
223 3384 270 3459 de
291 3380 444 3458 Graecis
474 3379 699 3481 plerumque
729 3377 923 3471 dicuntur,
963 3407 1126 3483 quorum
1153 3383 1261 3458 m'ulti
1289 3382 1337 3457 ad
1361 3386 1560 3469 Menandri
1585 3414 1707 3478 exem·

100 3508 210 3610 plum
232 3533 310 3582 sese
333 3512 613 3603 componerent,
646 3500 753 3572 mitto
775 3497 974 3574 Sidonium
999 3499 1271 3604 Apollinarem,
1306 3508 1481 3611 elegantis
1505 3504 1629 3598 virum
1650 3530 1705 3602 in.
1831 3538 1838 3545 '

101 3631 213 3731 genii,
237 3630 344 3704 mitto
368 3624 566 3716 amatorios
591 3623 806 3724 scriptores,
832 3623 897 3721 qui
922 3622 1082 3699 multum
1108 3627 1146 3699 in
1170 3627 1371 3706 Menandri
1402 3636 1603 3717 imitatione
1623 3674 1705 3722 ver·
1797 3688 1801 3693 ·

101 3763 282 3824 serentur.
357 3746 550 3842 Quantum
589 3757 711 3818 autem
743 3742 971 3820 Philemonis
1013 3745 1116 3824 laudi
1149 3750 1393 3827 tribuendum
1423 3759 1481 3848 sit,
1518 3761 1558 3836 id
1587 3764 1704 3845 llrsius

102 3896 289 3974 exponere
312 3866 487 3971 prohihet
504 3866 684 3968 propositi
707 3866 819 3957 ratio;
844 3866 929 3939 satis
956 3868 1039 3958 erit,
1066 3883 1182 3945 totam
1202 3901 1283 3947 rem
1307 3874 1355 3949 ad
1371 3875 1574 3982 Apulejum
1598 3889 1706 3966 alios-

101 4020 177 4096 que
211 3987 393 4092 rejecisse,
433 3989 498 4089 qui
536 3986 710 4088 pluribus
741 3986 865 4062 verbis
899 3987 1059 4090 gloriam
1094 3991 1172 4093 ejus
1208 3980 1453 4074 indicarunt(
1481 4006 1554 4081 Sed
1577 4011 1625 4085 ad
1650 4015 1703 4108 id,

88 4111 207 4217 ‚quod
233 4113 388 4223 agimus,
422 4134 633 4210 pergamus,
669 4123 711 4184 ut
736 4110 946 4213 explicetur
973 4112 1067 4185 ratio
1094 4110 1330 4193 describendi
1354 4146 1545 4222 personas,
1583 4135 1702 4235 qualis

99 4261 200 4313 novo
231 4234 270 4308 in
295 4258 430 4334 genere
455 4229 625 4305 adhiberi
659 4230 785 4306 soleat
835 4232 891 4308 Ea
915 4244 1037 4308 autem
1063 4232 1220 4338 intelligi
1245 4243 1405 4319 maxime
1430 4245 1540 4326 dehet
1565 4281 1611 4329 ex
1632 4259 1703 4333 Te.

184 4519 230 4579 38.
254 4515 419 4580 Menandri
433 4525 465 4577 et
478 4514 671 4577 Philemonis
685 4515 847 4601 reliquiae,
861 4517 983 4599 pnrfat
1011 4540 1080 4606 pag.
1095 4522 1227 4591 xxvu.
1309 4526 1356 4590 δα
1374 4529 1456 4596 Gen,
1473 4536 1507 4598 Ν,
1515 4540 1550 4602 Α,
1561 4539 1701 4609 xvm

300 4622 346 4684 40.
367 4622 511 4705 Compar.
529 4622 613 4684 Men.
635 4629 668 4685 et
681 4619 774 4686 Arist.
794 4643 863 4707 pag·
881 4615 952 4685 854.
971 4623 1008 4685 Β.
