4364 5536
714 451 1318 608 ..9-...1gy

898 709 951 793 Π.
1240 678 1244 686 ,

181 876 321 988 Quid
364 875 568 960 maxime
608 879 875 989 proprium
914 881 980 961 sit
1009 876 1319 967 Graecorum
1363 874 1673 978 comoediae.

126 1151 127 1155 =
227 1111 312 1206 Qua
349 1110 387 1182 in
425 1133 478 1179 re·
506 1080 716 1181 delinienda
755 1140 802 1185 ne
844 1113 928 1187 ¹falli
971 1114 1181 1205 videamur,
1220 1117 1375 1190 omnino
1415 1115 1620 1190 tenendum
1661 1129 1728 1204 est,
1804 1149 1806 1152 >

44 1267 49 1278 ·
128 1231 292 1304 Graecae
324 1226 538 1302 comoediae
577 1233 858 1329 proprietatem,
894 1235 1014 1333 qualis
1046 1233 1173 1306 haberi
1203 1234 1348 1327 debeat,
1382 1239 1421 1309 in
1455 1239 1568 1310 totius
1595 1234 1729 1336 populi

129 1352 276 1449 ingenio
302 1351 384 1439 niti,
423 1344 528 1445 cujus
556 1351 694 1448 speeies
732 1352 921 1450 'quaedam
947 1355 1188 1451 exprimatur.
1248 1354 1322 1427 Illa
1349 1370 1472 1438 autem
1505 1356 1648 1458 duplici
1674 1383 1731 1428 ra·
1819 1347 1822 1354 ¹
1884 1356 1891 1366 ’

40 1510 42 1514 v
128 1473 226 1543 tione
253 1470 407 1570 intelligi
435 1472 597 1545 maxime
617 1486 749 1571 potest,
775 1499 862 1548 cum
882 1477 1042 1572 exceptis
1069 1477 1276 1574 peregrinis
1302 1477 1490 1567 omnibus,
1521 1479 1598 1549 sive
1624 1501 1732 1576 argu·

128 1605 264 1682 menta,
300 1595 377 1665 sive
408 1592 572 1683 formas,
595 1619 689 1693 quae
715 1594 905 1686 dicuntur,
941 1598 1176 1694 spectaveris,
1213 1611 1295 1670 tum
1321 1596 1532 1672 domesticis
1558 1596 1733 1682 omnibus

128 1712 261 1811 insigni
298 1715 499 1812 propositis
536 1715 665 1814 vigore
697 1741 739 1787 ac
769 1717 935 1805 veritate,
976 1712 1176 1815 quanihil
1215 1716 1331 1814 possit
1364 1740 1440 1786 esse
1477 1717 1730 1814 praestantius.
1802 1790 1820 1808 ,,

131 1818 246 1925 Quod
271 1860 348 1936 quo
376 1837 491 1934 magis
514 1839 776 1937 perspiciatur,
810 1835 1057 1938 repetendum
1082 1835 1190 1907 altius
1220 1831 1380 1905 videtur.
1430 1832 1599 1909 Omnino
1624 1834 1736 1910 Athe-

130 1954 273 2026 nienses
293 1945 499 2044 uberrimis
524 1944 758 2033 sermonibus
791 1956 1000 2046 studebant,
1025 1972 1079 2047 ut,
1110 1980 1198 2028 cum
1221 1952 1353 2027 natura
1381 1954 1477 2028 leves
1504 1970 1635 2047 essent,
1663 1957 1735 2028 ala-

133 2097 224 2161 cres,
251 2076 445 2175 ingeniosi,
478 2080 653 2153 molliore
688 2105 810 2168 sensu,
837 2069 1013 2152 omnibus
1040 2076 1326 2168 delectarentur,
1362 2103 1457 2175 quae
1491 2076 1638 2150 facetias
1657 2074 1736 2150 ba.

95 2298 103 2310 υ
131 2192 262 2267 herent
287 2196 483 2298 risumque
507 2203 665 2274 excitare
698 2212 857 2299 possent.
910 2179 1008 2272 Hadc
1034 2185 1302 2291 autem'auimi
1337 2198 1485 2270 affectio
1519 2187 1620 2270 tanta
1645 2211 1736 2288 erat,

131 2317 238 2404 ut,si
272 2316 366 2415 q'uid
392 2320 594 2414 accidisset,
620 2339 701 2422 ¹quo
728 2320 871 2396 moveri
896 2317 1065 2418 possent,
1092 2317 1188 2390 nihil
1214 2320 1367 2393 omnino
1403 2332 1588 2392 curarent.
1640 2318 1737 2390 Hine
1851 2341 1868 2417 ‘g

134 2435 352 2533 explicatur,
376 2439 476 2537 quid>
493 2441 702 2538 judicemus
728 2442 775 2515 de
801 2443 1025 2529 narratione,
1050 2467 1125 2540 qua
1144 2466 1273 2516 omnes
1298 2442 1407 2530 civeS,
1430 2466 1517 2514 cum
1544 2437 1611 2512 lilii
1644 2439 1739 2510 occi·

46 2620 48 2625 .
134 2551 233 2628 disse
257 2553 305 2624 ad
333 2559 529 2652 Syracusas
558 2563 832 2648 nuntiarentur,
865 2559 1017 2654 aliique,
1055 2585 1149 2655 quos
1177 2585 1281 2632 caros
1314 2559 1570 2651 haberent,·in
1592 2550 1737 2632 =theatro
1813 2648 1816 2655 Ι

57 2668 60 2673 ’
134 2675 378 2775 permansisse
405 2673 590 2760 dieantur,
618 2687 728 2770 atque
756 2660 865 2745 etiam
900 2701 944 2743 ex
971 2676 1195 2770 Hegemonis
1230 2677 1387 2772 parodia
1424 2680 1653 2776 voluptatem
1679 2702 1737 2748 ce·
1823 2665 1826 2675 ⁸

27 2817 32 2823 ·
135 2797 231 2895 pisse
255 2792 470 2893 plurimam.
499 2802 523 2861 ¹.
574 2789 698 2885 Quam
718 2814 852 2862 verum
886 2791 945 2879 sit,
972 2790 1078 2891 quod
1103 2790 1285 2902 traditum
1311 2808 1375 2884 est,
1403 2794 1510 2868 facile
1533 2793 1739 2896 apparebit,

41 2923 46 2930 ’
137 2940 224 2989 cum
250 2911 609 2986 consideraverimus
649 2936 759 2984 omne
784 2913 917 3012 populi
945 2915 1150 3012 ingenium,
1179 2912 1297 3014 quod,
1334 2939 1423 2988 cum
1457 2914 1583 2989 multis
1609 2915 1740 2990 litteris

57 3075 62 3082 ·
137 3037 353 3136 artibusque
370 3033 533 3135 politum
551 3047 654 3121 esset,
671 3031 812 3106 lusibus
833 3035 1038 3108 verborum
1053 3033 1232 3133 gauderet
1251 3061 1292 3107 ac
1306 3033 1507 3108 festivitatis
1528 3035 1741 3135 leporisque

138 3159 270 3258 quovis
290 3182 435 3257 genere.
487 3155 726 3228 Praeclarum
748 3156 861 3254 igitur
885 3156 1027 3227 Horatii
1055 3154 1150 3227 illud
1175 3171 1242 3246 est,
1276 3155 1381 3257 quod
1408 3159 1457 3230 ita
1476 3156 1612 3256 legitur
1626 3158 1647 3228 ε’
1663 3157 1689 3218 2·

483 3317 608 3452 Grajis
634 3353 839 3451 ingenium,
866 3349 990 3449 Grajis
1018 3349 1215 3436 deditore
1245 3350 1414 3426 rotundo,

401 3499 403 3503 ’
451 3480 453 3485 ’
481 3473 592 3556 Musa
617 3473 737 3573 loqui,
763 3489 911 3574 praeter
940 3471 1090 3547 laudem
1116 3471 1259 3544 nullius
1288 3472 1417 3543 avaris.

177 3670 179 3674 ’
239 3651 314 3728 Sed
352 3669 439 3723 cum
469 3648 607 3736 omnia,
643 3672 738 3746 quae
774 3646 966 3748 hucusque
1004 3645 1188 3745 disputata
1224 3660 1322 3738 sunt,
1366 3649 1507 3721 ratione
1543 3649 1743 3747 animoque

142 3773 367 3860 lustraveris,
392 3768 499 3841 nullo
527 3766 641 3842 modo
677 3769 761 3855 evit,
797 3766 902 3868 quod
934 3766 1124 3839 Juvenalis
1147 3767 1262 3841 verba
1288 3795 1451 3869 respuas,
1489 3793 1573 3839 cum
1599 3771 1745 3842 natio-

141 3918 242 3967 nem
266 3890 561 3974 comoediam
585 3915 660 3962 esse
685 3889 785 3963 dicit.
837 3889 1031 3962 Habebunt
1050 3890 1150 3990 enim
1172 3885 1402 3961 Athenarum
1428 3891 1537 3979 cives,
1557 3888 1664 3989 quod
1681 3889 1743 3963 ad·

142 4013 271 4086 mirari
292 4012 469 4102 solemus,
489 4013 662 4086 eximiam
690 4013 826 4110 ingenii
851 4015 943 4102 vim,
970 4038 1044 4110 qua
1068 4036 1195 4085 omnes
1217 4035 1274 4082 res
1299 4008 1470 4080 celeriter
1494 4013 1743 4111 perciperent,

145 4134 306 4208 aliorum
331 4160 454 4209 mores
479 4123 727 4223 imitarentur,
767 4132 930 4234 denique
959 4159 1017 4205 res
1042 4130 1217 4205 ridiculas
1254 4154 1400 4228 easque,
1439 4156 1529 4230 quas
1566 4132 1745 4206 alienasa

147 4281 185 4328 se
211 4270 396 4356 putarent,
435 4272 602 4330 accurate
635 4267 805 4328 notarent
846 4255 1186 4353 exprimerentque.
1236 4249 1345 4323 Unde
1382 4250 1534 4344 factum,
1570 4267 1619 4326 ut*
1642 4249 1746 4352 quod

238 4486 262 4541 l.
285 4481 395 4543 Athen.
418 4480 471 4543 IX.
490 4474 626 4562 pag-26.
661 4563 665 4570 1
714 4480 740 4534 2.
761 4474 859 4558 Epist.
883 4474 923 4535 ad
943 4438 1046 4575 IJison.
1068 4498 1098 4545 v.
1119 4453 1194 4540 393.
1210 4496 1294 4559 seqq.
1379 4515 1384 4520 ‚

1136 4589 1159 4654 2
