<?xml version="1.0" encoding="UTF-8"?>
<!DOCTYPE html PUBLIC "-//W3C//DTD XHTML 1.0 Transitional//EN"
    "http://www.w3.org/TR/xhtml1/DTD/xhtml1-transitional.dtd">
<html xmlns="http://www.w3.org/1999/xhtml" xml:lang="en" lang="en">
 <head>
  <title>
</title>
<meta http-equiv="Content-Type" content="text/html;charset=utf-8" />
  <meta name='ocr-system' content='tesseract 3.04.00' />
  <meta name='ocr-capabilities' content='ocr_page ocr_carea ocr_par ocr_line ocrx_word'/>
</head>
<body>
  <div class='ocr_page' id='page_1' title='image "./detriumquaegrae00roedgoog_0148.png"; bbox 0 0 4364 5536; ppageno 0'>
   <div class='ocr_carea' id='block_1_1' title="bbox 761 402 1151 571">
    <p class='ocr_par' dir='ltr' id='par_1_1' title="bbox 761 402 1151 571">
     <span class='ocr_line' id='line_1_1' title="bbox 761 402 1151 571; baseline 0.015 -36"><span class='ocrx_word' id='word_1_1' title='bbox 761 402 1151 571; x_wconf 37' lang='lat'><em>-135-4&#39;</em></span> 
     </span>
    </p>
   </div>
   <div class='ocr_carea' id='block_1_2' title="bbox 109 686 1873 804">
    <p class='ocr_par' dir='ltr' id='par_1_2' title="bbox 109 686 1873 804">
     <span class='ocr_line' id='line_1_2' title="bbox 109 686 1873 804; baseline 0.003 -32"><span class='ocrx_word' id='word_1_2' title='bbox 109 696 300 786; x_wconf 79' lang='lat' dir='ltr'>vidissent,</span> <span class='ocrx_word' id='word_1_3' title='bbox 325 719 403 769; x_wconf 87' lang='lat' dir='ltr'><em>non</em></span> <span class='ocrx_word' id='word_1_4' title='bbox 424 692 571 768; x_wconf 78' lang='lat' dir='ltr'>invidia·</span> <span class='ocrx_word' id='word_1_5' title='bbox 587 690 689 767; x_wconf 90' lang='lat' dir='ltr'>ducti</span> <span class='ocrx_word' id='word_1_6' title='bbox 710 706 772 766; x_wconf 86' lang='lat' dir='ltr'><em>aut</em></span> <span class='ocrx_word' id='word_1_7' title='bbox 792 693 995 786; x_wconf 85' lang='lat' dir='ltr'>inimicitia,</span> <span class='ocrx_word' id='word_1_8' title='bbox 1017 694 1084 769; x_wconf 88' lang='lat' dir='ltr'>sed</span> <span class='ocrx_word' id='word_1_9' title='bbox 1107 698 1269 803; x_wconf 78' lang='lat' dir='ltr'>veritatis</span> <span class='ocrx_word' id='word_1_10' title='bbox 1289 700 1563 800; x_wconf 65' lang='lat' dir='ltr'>investigandae</span> <span class='ocrx_word' id='word_1_11' title='bbox 1583 705 1711 804; x_wconf 82' lang='lat' dir='ltr'>gratia.</span> <span class='ocrx_word' id='word_1_12' title='bbox 1790 690 1794 696; x_wconf 31' lang='lat'>⁸</span> <span class='ocrx_word' id='word_1_13' title='bbox 1870 686 1873 695; x_wconf 57' lang='grc'>’</span> 
     </span>
    </p>
   </div>
   <div class='ocr_carea' id='block_1_3' title="bbox 106 812 1716 1282">
    <p class='ocr_par' dir='ltr' id='par_1_3' title="bbox 106 812 1716 1282">
     <span class='ocr_line' id='line_1_3' title="bbox 108 812 1713 920; baseline 0.004 -29"><span class='ocrx_word' id='word_1_14' title='bbox 108 812 209 892; x_wconf 77' lang='lat' dir='ltr'>Sunt</span> <span class='ocrx_word' id='word_1_15' title='bbox 223 831 345 889; x_wconf 85' lang='lat' dir='ltr'>autem</span> <span class='ocrx_word' id='word_1_16' title='bbox 369 816 408 888; x_wconf 89' lang='lat' dir='ltr'><em>in</em></span> <span class='ocrx_word' id='word_1_17' title='bbox 434 829 591 910; x_wconf 80' lang='lat' dir='ltr'>numero</span> <span class='ocrx_word' id='word_1_18' title='bbox 619 840 763 903; x_wconf 88' lang='lat' dir='ltr'>eornm,</span> <span class='ocrx_word' id='word_1_19' title='bbox 790 838 884 914; x_wconf 87' lang='lat' dir='ltr'>quos</span> <span class='ocrx_word' id='word_1_20' title='bbox 906 815 1124 907; x_wconf 77' lang='lat' dir='ltr'>indicamus,</span> <span class='ocrx_word' id='word_1_21' title='bbox 1154 815 1360 918; x_wconf 88' lang='lat' dir='ltr'>discipulus</span> <span class='ocrx_word' id='word_1_22' title='bbox 1388 818 1470 920; x_wconf 87' lang='lat' dir='ltr'>ejus</span> <span class='ocrx_word' id='word_1_23' title='bbox 1485 823 1713 916; x_wconf 84' lang='lat' dir='ltr'>Aristoteles,</span> 
     </span>
     <span class='ocr_line' id='line_1_4' title="bbox 109 935 1714 1045; baseline 0.004 -34"><span class='ocrx_word' id='word_1_24' title='bbox 109 936 397 1037; x_wconf 88' lang='lat' dir='ltr'>Cephisodorus,</span> <span class='ocrx_word' id='word_1_25' title='bbox 425 935 703 1038; x_wconf 81' lang='lat' dir='ltr'>Theopompus,</span> <span class='ocrx_word' id='word_1_26' title='bbox 729 937 871 1045; x_wconf 85' lang='lat' dir='ltr'>Zoilus,</span> <span class='ocrx_word' id='word_1_27' title='bbox 904 938 1170 1039; x_wconf 80' lang='lat' dir='ltr'>Hippodamas,</span> <span class='ocrx_word' id='word_1_28' title='bbox 1202 942 1426 1041; x_wconf 86' lang='lat' dir='ltr'>Demetrius,</span> <span class='ocrx_word' id='word_1_29' title='bbox 1455 941 1568 1014; x_wconf 84' lang='lat' dir='ltr'>etalii</span> <span class='ocrx_word' id='word_1_30' title='bbox 1593 943 1714 1017; x_wconf 82' lang='lat' dir='ltr'>multi.</span> 
     </span>
     <span class='ocr_line' id='line_1_5' title="bbox 107 1042 1716 1162; baseline 0.002 -28"><span class='ocrx_word' id='word_1_31' title='bbox 107 1059 182 1136; x_wconf 84' lang='lat' dir='ltr'>Sed</span> <span class='ocrx_word' id='word_1_32' title='bbox 207 1075 249 1133; x_wconf 86' lang='lat' dir='ltr'><em>ut</em></span> <span class='ocrx_word' id='word_1_33' title='bbox 275 1061 394 1132; x_wconf 89' lang='lat' dir='ltr'>omnis</span> <span class='ocrx_word' id='word_1_34' title='bbox 421 1042 585 1158; x_wconf 86' lang='lat' dir='ltr'>quaestio</span> <span class='ocrx_word' id='word_1_35' title='bbox 613 1059 838 1148; x_wconf 81' lang='lat' dir='ltr'>absolvatur,</span> <span class='ocrx_word' id='word_1_36' title='bbox 853 1055 1131 1154; x_wconf 20' lang='lat' dir='ltr'>‘transscribam</span> <span class='ocrx_word' id='word_1_37' title='bbox 1155 1061 1480 1162; x_wconf 77' lang='lat' dir='ltr'>Dionysiiverba,</span> <span class='ocrx_word' id='word_1_38' title='bbox 1514 1062 1653 1160; x_wconf 92' lang='lat' dir='ltr'>quibus</span> <span class='ocrx_word' id='word_1_39' title='bbox 1679 1081 1716 1138; x_wconf 88' lang='lat' dir='ltr'>et</span> 
     </span>
     <span class='ocr_line' id='line_1_6' title="bbox 106 1179 1714 1282; baseline 0.001 -28"><span class='ocrx_word' id='word_1_40' title='bbox 106 1184 260 1256; x_wconf 78' lang='lat' dir='ltr'>virtutes</span> <span class='ocrx_word' id='word_1_41' title='bbox 286 1197 322 1254; x_wconf 87' lang='lat' dir='ltr'>et</span> <span class='ocrx_word' id='word_1_42' title='bbox 346 1182 433 1276; x_wconf 80' lang='lat' dir='ltr'>vitia</span> <span class='ocrx_word' id='word_1_43' title='bbox 459 1183 651 1280; x_wconf 85' lang='lat' dir='ltr'>scriptoris</span> <span class='ocrx_word' id='word_1_44' title='bbox 676 1194 809 1279; x_wconf 87' lang='lat' dir='ltr'>sponte</span> <span class='ocrx_word' id='word_1_45' title='bbox 835 1179 1105 1278; x_wconf 82' lang='lat' dir='ltr'>intelligantur,</span> <span class='ocrx_word' id='word_1_46' title='bbox 1130 1206 1302 1282; x_wconf 85' lang='lat' dir='ltr'>quaeque</span> <span class='ocrx_word' id='word_1_47' title='bbox 1328 1180 1509 1279; x_wconf 87' lang='lat' dir='ltr'>ejusmodi</span> <span class='ocrx_word' id='word_1_48' title='bbox 1534 1198 1632 1272; x_wconf 90' lang='lat' dir='ltr'>sunt,</span> <span class='ocrx_word' id='word_1_49' title='bbox 1659 1199 1714 1274; x_wconf 88' lang='lat' dir='ltr'><em>ut,</em></span> 
     </span>
    </p>
   </div>
   <div class='ocr_carea' id='block_1_4' title="bbox 101 1297 1795 2326">
    <p class='ocr_par' dir='ltr' id='par_1_4' title="bbox 101 1297 1795 2326">
     <span class='ocr_line' id='line_1_7' title="bbox 108 1297 1714 1404; baseline -0.001 -27"><span class='ocrx_word' id='word_1_50' title='bbox 108 1303 202 1404; x_wconf 90' lang='lat' dir='ltr'>qnid</span> <span class='ocrx_word' id='word_1_51' title='bbox 230 1304 374 1376; x_wconf 88' lang='lat' dir='ltr'>mediae</span> <span class='ocrx_word' id='word_1_52' title='bbox 398 1303 522 1374; x_wconf 84' lang='lat' dir='ltr'>aetatis</span> <span class='ocrx_word' id='word_1_53' title='bbox 548 1316 676 1402; x_wconf 84' lang='lat' dir='ltr'>poetae</span> <span class='ocrx_word' id='word_1_54' title='bbox 701 1303 739 1374; x_wconf 91' lang='lat' dir='ltr'><em>in</em></span> <span class='ocrx_word' id='word_1_55' title='bbox 766 1300 918 1372; x_wconf 81' lang='lat' dir='ltr'>Platone</span> <span class='ocrx_word' id='word_1_56' title='bbox 943 1297 1071 1371; x_wconf 81' lang='lat' dir='ltr'>videre</span> <span class='ocrx_word' id='word_1_57' title='bbox 1096 1302 1297 1394; x_wconf 79' lang='lat' dir='ltr'>voluerint,</span> <span class='ocrx_word' id='word_1_58' title='bbox 1323 1304 1433 1376; x_wconf 79' lang='lat' dir='ltr'>lacile</span> <span class='ocrx_word' id='word_1_59' title='bbox 1459 1298 1714 1378; x_wconf 61' lang='lat' dir='ltr'>efficiatur2492</span> 
     </span>
     <span class='ocr_line' id='line_1_8' title="bbox 101 1409 1716 1506; baseline -0.001 -20"><span class='ocrx_word' id='word_1_60' title='bbox 101 1409 145 1488; x_wconf 81' lang='lat' dir='ltr'><em>‘H</em></span> <span class='ocrx_word' id='word_1_61' title='bbox 163 1425 199 1486; x_wconf 86' lang='grc' dir='ltr'><em>δὲ</em></span> <span class='ocrx_word' id='word_1_62' title='bbox 219 1424 256 1505; x_wconf 79' lang='grc' dir='ltr'><em>δη</em></span> <span class='ocrx_word' id='word_1_63' title='bbox 271 1421 466 1502; x_wconf 67' lang='grc' dir='ltr'><em>Πλατωνικὴ</em></span> <span class='ocrx_word' id='word_1_64' title='bbox 490 1420 654 1494; x_wconf 82' lang='grc' dir='ltr'><em>διάλεκτος</em></span> <span class='ocrx_word' id='word_1_65' title='bbox 674 1416 826 1501; x_wconf 73' lang='grc' dir='ltr'><em>βούλεται</em></span> <span class='ocrx_word' id='word_1_66' title='bbox 844 1419 904 1497; x_wconf 82' lang='grc' dir='ltr'><em>μὲν</em></span> <span class='ocrx_word' id='word_1_67' title='bbox 926 1410 1007 1480; x_wconf 78' lang='grc' dir='ltr'><em>εἶναι</em></span> <span class='ocrx_word' id='word_1_68' title='bbox 1028 1414 1083 1476; x_wconf 93' lang='grc' dir='ltr'><strong><em>καί</em></strong></span> <span class='ocrx_word' id='word_1_69' title='bbox 1104 1417 1184 1498; x_wconf 78' lang='grc' dir='ltr'><em>αῦτη</em></span> <span class='ocrx_word' id='word_1_70' title='bbox 1205 1422 1322 1500; x_wconf 86' lang='grc' dir='ltr'><em>δεῖγμα</em></span> <span class='ocrx_word' id='word_1_71' title='bbox 1343 1417 1508 1504; x_wconf 68' lang='grc' dir='ltr'><em>ἑκατέρων</em></span> <span class='ocrx_word' id='word_1_72' title='bbox 1529 1428 1594 1485; x_wconf 76' lang='grc' dir='ltr'><em>ταῖν</em></span> <span class='ocrx_word' id='word_1_73' title='bbox 1611 1446 1716 1506; x_wconf 85' lang='grc' dir='ltr'><em>χαρα·</em></span> 
     </span>
     <span class='ocr_line' id='line_1_9' title="bbox 107 1517 1715 1610; baseline 0.002 -25"><span class='ocrx_word' id='word_1_74' title='bbox 107 1520 242 1610; x_wconf 67' lang='grc' dir='ltr'><em>ιιτηρων,</em></span> <span class='ocrx_word' id='word_1_75' title='bbox 265 1526 325 1586; x_wconf 90' lang='grc' dir='ltr'><em>τοῦ</em></span> <span class='ocrx_word' id='word_1_76' title='bbox 344 1546 379 1584; x_wconf 89' lang='grc' dir='ltr'><em>τε</em></span> <span class='ocrx_word' id='word_1_77' title='bbox 398 1521 529 1604; x_wconf 78' lang='grc' dir='ltr'><strong><em>ὑψηλοῦ</em></strong></span> <span class='ocrx_word' id='word_1_78' title='bbox 546 1520 602 1584; x_wconf 92' lang='grc' dir='ltr'><strong><em>καί</em></strong></span> <span class='ocrx_word' id='word_1_79' title='bbox 616 1522 738 1604; x_wconf 79' lang='grc' dir='ltr'><strong><em>ἰσχνοῦ,</em></strong></span> <span class='ocrx_word' id='word_1_80' title='bbox 759 1518 904 1602; x_wconf 84' lang='grc' dir='ltr'><em>καθάπερ</em></span> <span class='ocrx_word' id='word_1_81' title='bbox 919 1517 1118 1604; x_wconf 80' lang='grc' dir='ltr'><em>εἴρηταίμοι</em></span> <span class='ocrx_word' id='word_1_82' title='bbox 1136 1518 1311 1605; x_wconf 81' lang='grc' dir='ltr'><em>πρότερον·</em></span> <span class='ocrx_word' id='word_1_83' title='bbox 1333 1528 1454 1609; x_wconf 82' lang='grc' dir='ltr'><em>πέφυκε</em></span> <span class='ocrx_word' id='word_1_84' title='bbox 1479 1526 1576 1588; x_wconf 77' lang='grc' dir='ltr'><em>δὀὀκ</em></span> <span class='ocrx_word' id='word_1_85' title='bbox 1596 1521 1715 1604; x_wconf 80' lang='grc' dir='ltr'><em>ὁμοίως</em></span> 
     </span>
     <span class='ocr_line' id='line_1_10' title="bbox 105 1612 1716 1718; baseline -0.001 -30"><span class='ocrx_word' id='word_1_86' title='bbox 105 1626 187 1709; x_wconf 77' lang='grc' dir='ltr'><em>πρὸς</em></span> <span class='ocrx_word' id='word_1_87' title='bbox 207 1626 416 1718; x_wconf 79' lang='grc' dir='ltr'><em>Ια’μφοτέρους</em></span> <span class='ocrx_word' id='word_1_88' title='bbox 449 1627 525 1699; x_wconf 84' lang='grc' dir='ltr'><em>τοῦς</em></span> <span class='ocrx_word' id='word_1_89' title='bbox 546 1629 755 1710; x_wconf 75' lang='grc' dir='ltr'><em>χαρακτῆρας</em></span> <span class='ocrx_word' id='word_1_90' title='bbox 778 1619 933 1702; x_wconf 76' lang='grc' dir='ltr'><em>εῦτυχὴς.</em></span> <span class='ocrx_word' id='word_1_91' title='bbox 959 1617 1038 1683; x_wconf 84' lang='grc' dir='ltr'><em>ὅταν</em></span> <span class='ocrx_word' id='word_1_92' title='bbox 1063 1621 1123 1700; x_wconf 77' lang='grc' dir='ltr'><em>μὲν</em></span> <span class='ocrx_word' id='word_1_93' title='bbox 1151 1614 1207 1684; x_wconf 87' lang='grc' dir='ltr'><em>οόν</em></span> <span class='ocrx_word' id='word_1_94' title='bbox 1235 1623 1293 1705; x_wconf 76' lang='grc' dir='ltr'><em>την</em></span> <span class='ocrx_word' id='word_1_95' title='bbox 1321 1623 1433 1709; x_wconf 77' lang='grc' dir='ltr'><em>ἐσχνῆν</em></span> <span class='ocrx_word' id='word_1_96' title='bbox 1454 1625 1514 1688; x_wconf 88' lang='grc' dir='ltr'><strong><em>παί</em></strong></span> <span class='ocrx_word' id='word_1_97' title='bbox 1536 1612 1641 1710; x_wconf 84' lang='grc' dir='ltr'><em>άφελῆ</em></span> <span class='ocrx_word' id='word_1_98' title='bbox 1661 1625 1716 1686; x_wconf 92' lang='grc' dir='ltr'><strong><em>καί</em></strong></span> 
     </span>
     <span class='ocr_line' id='line_1_11' title="bbox 107 1719 1714 1812; baseline -0.002 -21"><span class='ocrx_word' id='word_1_99' title='bbox 107 1727 260 1810; x_wconf 87' lang='grc' dir='ltr'><em>α’ποίητον</em></span> <span class='ocrx_word' id='word_1_100' title='bbox 278 1723 448 1812; x_wconf 71' lang='grc' dir='ltr'><em>ἐπιτηδεύῃ</em></span> <span class='ocrx_word' id='word_1_101' title='bbox 470 1722 600 1810; x_wconf 86' lang='grc' dir='ltr'><em>φράσιν,</em></span> <span class='ocrx_word' id='word_1_102' title='bbox 627 1723 770 1801; x_wconf 81' lang='grc' dir='ltr'><strong><em>ἐκτόπως</em></strong></span> <span class='ocrx_word' id='word_1_103' title='bbox 791 1721 885 1808; x_wconf 74' lang='grc' dir='ltr'><em>ἡδεῖά</em></span> <span class='ocrx_word' id='word_1_104' title='bbox 907 1723 1051 1787; x_wconf 82' lang='grc' dir='ltr'><em>ἐστικαί</em></span> <span class='ocrx_word' id='word_1_105' title='bbox 1073 1719 1320 1808; x_wconf 84' lang='grc' dir='ltr'><em>φιλάνθρωπος.</em></span> <span class='ocrx_word' id='word_1_106' title='bbox 1336 1724 1474 1811; x_wconf 84' lang='grc' dir='ltr'><em>’καθαρά</em></span> <span class='ocrx_word' id='word_1_107' title='bbox 1494 1751 1547 1799; x_wconf 73' lang='grc' dir='ltr'><em>τε,</em></span> <span class='ocrx_word' id='word_1_108' title='bbox 1569 1726 1609 1810; x_wconf 89' lang='grc' dir='ltr'><em>άρ</em></span> <span class='ocrx_word' id='word_1_109' title='bbox 1635 1726 1714 1787; x_wconf 87' lang='grc' dir='ltr'><em>ὀπο-</em></span> 
     </span>
     <span class='ocr_line' id='line_1_12' title="bbox 103 1822 1715 1914; baseline -0.001 -22"><span class='ocrx_word' id='word_1_110' title='bbox 103 1827 258 1914; x_wconf 79' lang='grc' dir='ltr'><em>χρώντως</em></span> <span class='ocrx_word' id='word_1_111' title='bbox 277 1825 397 1911; x_wconf 85' lang='grc' dir='ltr'><em>γίνεται</em></span> <span class='ocrx_word' id='word_1_112' title='bbox 419 1831 474 1893; x_wconf 84' lang='grc' dir='ltr'><em>καί</em></span> <span class='ocrx_word' id='word_1_113' title='bbox 495 1826 637 1913; x_wconf 78' lang='grc' dir='ltr'><em>διαυγης,</em></span> <span class='ocrx_word' id='word_1_114' title='bbox 671 1827 780 1913; x_wconf 80' lang='grc' dir='ltr'><em>ιέσπερ</em></span> <span class='ocrx_word' id='word_1_115' title='bbox 804 1825 843 1890; x_wconf 89' lang='grc' dir='ltr'><em>τά</em></span> <span class='ocrx_word' id='word_1_116' title='bbox 874 1828 1118 1911; x_wconf 79' lang='grc' dir='ltr'><em>διαφανέστατα</em></span> <span class='ocrx_word' id='word_1_117' title='bbox 1145 1831 1210 1891; x_wconf 85' lang='grc' dir='ltr'><em>τιῦυ</em></span> <span class='ocrx_word' id='word_1_118' title='bbox 1237 1824 1404 1908; x_wconf 79' lang='grc' dir='ltr'><em>ναμάτων·</em></span> <span class='ocrx_word' id='word_1_119' title='bbox 1434 1822 1511 1914; x_wconf 74' lang='lat' dir='ltr'><em>dap</em></span> <span class='ocrx_word' id='word_1_120' title='bbox 1586 1828 1632 1891; x_wconf 77' lang='grc' dir='ltr'><em>Ιτε</em></span> <span class='ocrx_word' id='word_1_121' title='bbox 1659 1829 1715 1891; x_wconf 87' lang='grc' dir='ltr'><em>κάἰ</em></span> 
     </span>
     <span class='ocr_line' id='line_1_13' title="bbox 105 1925 1714 2016; baseline -0.002 -20"><span class='ocrx_word' id='word_1_122' title='bbox 105 1929 204 2014; x_wconf 77' lang='grc' dir='ltr'><em>λεπτῆ</em></span> <span class='ocrx_word' id='word_1_123' title='bbox 226 1932 298 2016; x_wconf 85' lang='grc' dir='ltr'><em>παρ’</em></span> <span class='ocrx_word' id='word_1_124' title='bbox 314 1933 462 2015; x_wconf 79' lang='grc' dir='ltr'><em>ἡντινοῦν</em></span> <span class='ocrx_word' id='word_1_125' title='bbox 479 1927 596 2016; x_wconf 69' lang='grc' dir='ltr'><em>1ιὲτέραν</em></span> <span class='ocrx_word' id='word_1_126' title='bbox 615 1935 681 2011; x_wconf 63' lang='grc' dir='ltr'><em>τοῖν</em></span> <span class='ocrx_word' id='word_1_127' title='bbox 699 1933 745 2007; x_wconf 80' lang='grc' dir='ltr'><em>εἰς</em></span> <span class='ocrx_word' id='word_1_128' title='bbox 763 1929 822 2014; x_wconf 77' lang='grc' dir='ltr'><em>την</em></span> <span class='ocrx_word' id='word_1_129' title='bbox 844 1928 945 2013; x_wconf 75' lang='grc' dir='ltr'><em>ου’την</em></span> <span class='ocrx_word' id='word_1_130' title='bbox 967 1925 1133 1993; x_wconf 85' lang='grc' dir='ltr'><em>διάλεκτον</em></span> <span class='ocrx_word' id='word_1_131' title='bbox 1154 1931 1390 2014; x_wconf 74' lang='grc' dir='ltr'><em>εἰργασμένων·</em></span> <span class='ocrx_word' id='word_1_132' title='bbox 1411 1929 1470 2014; x_wconf 80' lang='grc' dir='ltr'><em>τήν</em></span> <span class='ocrx_word' id='word_1_133' title='bbox 1489 1955 1524 1994; x_wconf 84' lang='grc' dir='ltr'><em>τε</em></span> <span class='ocrx_word' id='word_1_134' title='bbox 1544 1929 1714 2013; x_wconf 80' lang='grc' dir='ltr'><em>κοινότητα</em></span> 
     </span>
     <span class='ocr_line' id='line_1_14' title="bbox 106 2029 1714 2121; baseline -0.001 -23"><span class='ocrx_word' id='word_1_135' title='bbox 106 2031 218 2098; x_wconf 75' lang='grc' dir='ltr'><em>διώκει</em></span> <span class='ocrx_word' id='word_1_136' title='bbox 235 2040 301 2100; x_wconf 74' lang='lat' dir='ltr'><em>miv</em></span> <span class='ocrx_word' id='word_1_137' title='bbox 322 2032 570 2117; x_wconf 88' lang='grc' dir='ltr'><em>ὀνομάτων,καί</em></span> <span class='ocrx_word' id='word_1_138' title='bbox 589 2036 648 2119; x_wconf 79' lang='grc' dir='ltr'><em>την</em></span> <span class='ocrx_word' id='word_1_139' title='bbox 668 2029 849 2117; x_wconf 77' lang='grc' dir='ltr'><em>σαφήνειαν</em></span> <span class='ocrx_word' id='word_1_140' title='bbox 865 2034 968 2112; x_wconf 66' lang='lat' dir='ltr'>doust,</span> <span class='ocrx_word' id='word_1_141' title='bbox 983 2030 1091 2117; x_wconf 93' lang='grc' dir='ltr'><em>πάσης</em></span> <span class='ocrx_word' id='word_1_142' title='bbox 1109 2034 1310 2121; x_wconf 74' lang='grc' dir='ltr'><em>ὑπεριδοῦσα</em></span> <span class='ocrx_word' id='word_1_143' title='bbox 1331 2036 1533 2115; x_wconf 78' lang='grc' dir='ltr'><em>κατασκευῆς</em></span> <span class='ocrx_word' id='word_1_144' title='bbox 1552 2034 1714 2097; x_wconf 86' lang='grc' dir='ltr'><em>ἐπιθέτου.</em></span> 
     </span>
     <span class='ocr_line' id='line_1_15' title="bbox 106 2133 1795 2227; baseline -0.001 -24"><span class='ocrx_word' id='word_1_145' title='bbox 106 2134 126 2203; x_wconf 82' lang='grc' dir='ltr'><em>ὀ</em></span> <span class='ocrx_word' id='word_1_146' title='bbox 146 2163 181 2202; x_wconf 82' lang='grc' dir='ltr'><em>τε</em></span> <span class='ocrx_word' id='word_1_147' title='bbox 206 2149 298 2215; x_wconf 88' lang='grc' dir='ltr'><em>πῖνος</em></span> <span class='ocrx_word' id='word_1_148' title='bbox 320 2142 402 2227; x_wconf 81' lang='grc' dir='ltr'><em>αότῇ</em></span> <span class='ocrx_word' id='word_1_149' title='bbox 428 2139 483 2203; x_wconf 98' lang='grc' dir='ltr'><strong><em>καί</em></strong></span> <span class='ocrx_word' id='word_1_150' title='bbox 503 2142 600 2221; x_wconf 82' lang='grc' dir='ltr'><em>χνοῦς</em></span> <span class='ocrx_word' id='word_1_151' title='bbox 624 2136 719 2217; x_wconf 79' lang='grc' dir='ltr'><em>ὁτῆς</em></span> <span class='ocrx_word' id='word_1_152' title='bbox 742 2133 957 2220; x_wconf 77' lang='grc' dir='ltr'><em>ἀρχαιότητος</em></span> <span class='ocrx_word' id='word_1_153' title='bbox 983 2139 1089 2222; x_wconf 81' lang='grc' dir='ltr'><em>ἠρέμα</em></span> <span class='ocrx_word' id='word_1_154' title='bbox 1110 2141 1167 2202; x_wconf 93' lang='grc' dir='ltr'><strong><em>καί</em></strong></span> <span class='ocrx_word' id='word_1_155' title='bbox 1186 2139 1371 2221; x_wconf 83' lang='grc' dir='ltr'><em>λεληθότως</em></span> <span class='ocrx_word' id='word_1_156' title='bbox 1391 2139 1561 2222; x_wconf 82' lang='grc' dir='ltr'><em>ἐπιτρέχει,</em></span> <span class='ocrx_word' id='word_1_157' title='bbox 1580 2133 1715 2218; x_wconf 76' lang='grc' dir='ltr'><em>χλοερόν</em></span> <span class='ocrx_word' id='word_1_158' title='bbox 1789 2191 1795 2201; x_wconf 92' lang='grc'><em>.</em></span> 
     </span>
     <span class='ocr_line' id='line_1_16' title="bbox 105 2233 1715 2326; baseline -0.002 -21"><span class='ocrx_word' id='word_1_159' title='bbox 105 2246 141 2307; x_wconf 89' lang='grc' dir='ltr'><em>τέ</em></span> <span class='ocrx_word' id='word_1_160' title='bbox 160 2267 193 2307; x_wconf 92' lang='grc' dir='ltr'><em>τι</em></span> <span class='ocrx_word' id='word_1_161' title='bbox 214 2243 271 2308; x_wconf 76' lang='grc' dir='ltr'><em>καί</em></span> <span class='ocrx_word' id='word_1_162' title='bbox 289 2242 425 2326; x_wconf 77' lang='grc' dir='ltr'><em>τεθηλος</em></span> <span class='ocrx_word' id='word_1_163' title='bbox 447 2239 502 2304; x_wconf 80' lang='grc' dir='ltr'><em>καί</em></span> <span class='ocrx_word' id='word_1_164' title='bbox 519 2239 638 2320; x_wconf 86' lang='grc' dir='ltr'><em>μεστὸν</em></span> <span class='ocrx_word' id='word_1_165' title='bbox 659 2235 746 2321; x_wconf 70' lang='grc' dir='ltr'><em>οέρας</em></span> <span class='ocrx_word' id='word_1_166' title='bbox 769 2233 866 2313; x_wconf 85' lang='grc' dir='ltr'><em>άνθος</em></span> <span class='ocrx_word' id='word_1_167' title='bbox 889 2238 1082 2304; x_wconf 79' lang='grc' dir='ltr'><em>α’ναδιδωσι·</em></span> <span class='ocrx_word' id='word_1_168' title='bbox 1105 2239 1160 2303; x_wconf 81' lang='grc' dir='ltr'><em>καί</em></span> <span class='ocrx_word' id='word_1_169' title='bbox 1179 2235 1288 2324; x_wconf 69' lang='grc' dir='ltr'><em>οἵσπερ</em></span> <span class='ocrx_word' id='word_1_170' title='bbox 1314 2242 1375 2302; x_wconf 85' lang='grc' dir='ltr'><em>α’πδ</em></span> <span class='ocrx_word' id='word_1_171' title='bbox 1398 2245 1464 2305; x_wconf 76' lang='grc' dir='ltr'><em>τῶν</em></span> <span class='ocrx_word' id='word_1_172' title='bbox 1485 2237 1715 2303; x_wconf 71' lang='grc' dir='ltr'><em>εὐωδεστάτων</em></span> 
     </span>
    </p>
   </div>
   <div class='ocr_carea' id='block_1_5' title="bbox 106 2331 1823 2427">
    <p class='ocr_par' dir='ltr' id='par_1_5' title="bbox 106 2331 1823 2427">
     <span class='ocr_line' id='line_1_17' title="bbox 106 2331 1823 2427; baseline -0.001 -21"><span class='ocrx_word' id='word_1_173' title='bbox 106 2342 271 2425; x_wconf 76' lang='grc' dir='ltr'><em>λειμώνων</em></span> <span class='ocrx_word' id='word_1_174' title='bbox 290 2342 377 2427; x_wconf 74' lang='grc' dir='ltr'><em>αὖρά</em></span> <span class='ocrx_word' id='word_1_175' title='bbox 395 2371 443 2417; x_wconf 87' lang='grc' dir='ltr'><em>τις</em></span> <span class='ocrx_word' id='word_1_176' title='bbox 464 2346 557 2426; x_wconf 79' lang='grc' dir='ltr'><em>ἡδεῖα</em></span> <span class='ocrx_word' id='word_1_177' title='bbox 578 2345 610 2421; x_wconf 83' lang='grc' dir='ltr'><em>ἐξ</em></span> <span class='ocrx_word' id='word_1_178' title='bbox 631 2344 730 2425; x_wconf 84' lang='grc' dir='ltr'><em>αότῆς</em></span> <span class='ocrx_word' id='word_1_179' title='bbox 745 2331 898 2426; x_wconf 81' lang='grc' dir='ltr'><em>φέρεται·</em></span> <span class='ocrx_word' id='word_1_180' title='bbox 921 2343 975 2406; x_wconf 94' lang='grc' dir='ltr'><strong><em>καί</em></strong></span> <span class='ocrx_word' id='word_1_181' title='bbox 995 2336 1069 2406; x_wconf 65' lang='lat' dir='ltr'>odes</span> <span class='ocrx_word' id='word_1_182' title='bbox 1090 2344 1126 2405; x_wconf 82' lang='grc' dir='ltr'><em>τὰ</em></span> <span class='ocrx_word' id='word_1_183' title='bbox 1150 2343 1281 2427; x_wconf 84' lang='grc' dir='ltr'><em>λιγυρὰν</em></span> <span class='ocrx_word' id='word_1_184' title='bbox 1300 2345 1403 2406; x_wconf 83' lang='grc' dir='ltr'><em>ἔοικεν</em></span> <span class='ocrx_word' id='word_1_185' title='bbox 1421 2339 1589 2427; x_wconf 72' lang='grc' dir='ltr'><em>ἐμφαίνειν</em></span> <span class='ocrx_word' id='word_1_186' title='bbox 1607 2338 1713 2420; x_wconf 85' lang='grc' dir='ltr'><em>λάλον,</em></span> <span class='ocrx_word' id='word_1_187' title='bbox 1815 2416 1823 2422; x_wconf 39' lang='lat'>‚</span> 
     </span>
    </p>
   </div>
   <div class='ocr_carea' id='block_1_6' title="bbox 50 2437 1715 4156">
    <p class='ocr_par' dir='ltr' id='par_1_6' title="bbox 50 2437 1715 4156">
     <span class='ocr_line' id='line_1_18' title="bbox 105 2437 1715 2531; baseline -0.001 -22"><span class='ocrx_word' id='word_1_188' title='bbox 105 2439 182 2509; x_wconf 89' lang='grc' dir='ltr'><em>οῦτε</em></span> <span class='ocrx_word' id='word_1_189' title='bbox 199 2447 235 2509; x_wconf 84' lang='grc' dir='ltr'><em>τά</em></span> <span class='ocrx_word' id='word_1_190' title='bbox 259 2445 385 2526; x_wconf 80' lang='grc' dir='ltr'><em>κομψὸν</em></span> <span class='ocrx_word' id='word_1_191' title='bbox 405 2437 590 2523; x_wconf 86' lang='grc' dir='ltr'><em>θεατρικόν.</em></span> <span class='ocrx_word' id='word_1_192' title='bbox 615 2441 693 2503; x_wconf 80' lang='grc' dir='ltr'><em>ὅταν</em></span> <span class='ocrx_word' id='word_1_193' title='bbox 713 2446 732 2502; x_wconf 92' lang='grc' dir='ltr'><em>δ</em></span> <span class='ocrx_word' id='word_1_194' title='bbox 739 2445 746 2465; x_wconf 87' lang='grc'><em>“</em></span> <span class='ocrx_word' id='word_1_195' title='bbox 768 2447 813 2514; x_wconf 80' lang='grc' dir='ltr'><em>εἰς</em></span> <span class='ocrx_word' id='word_1_196' title='bbox 833 2446 893 2522; x_wconf 76' lang='grc' dir='ltr'><em>την</em></span> <span class='ocrx_word' id='word_1_197' title='bbox 911 2445 1156 2531; x_wconf 74' lang='grc' dir='ltr'><em>περιττολογίαν</em></span> <span class='ocrx_word' id='word_1_198' title='bbox 1176 2447 1233 2508; x_wconf 81' lang='grc' dir='ltr'><em>καί</em></span> <span class='ocrx_word' id='word_1_199' title='bbox 1250 2446 1286 2507; x_wconf 81' lang='grc' dir='ltr'><em>τό</em></span> <span class='ocrx_word' id='word_1_200' title='bbox 1310 2442 1440 2509; x_wconf 90' lang='grc' dir='ltr'><em>κάλλιον</em></span> <span class='ocrx_word' id='word_1_201' title='bbox 1457 2446 1575 2508; x_wconf 77' lang='grc' dir='ltr'><em>εἰπεῖν·</em></span> <span class='ocrx_word' id='word_1_202' title='bbox 1600 2444 1618 2509; x_wconf 81' lang='grc' dir='ltr'>ὃ</span> <span class='ocrx_word' id='word_1_203' title='bbox 1637 2451 1715 2508; x_wconf 90' lang='grc' dir='ltr'><em>πολ-</em></span> 
     </span>
     <span class='ocr_line' id='line_1_19' title="bbox 105 2539 1713 2630; baseline 0 -22"><span class='ocrx_word' id='word_1_204' title='bbox 105 2543 199 2619; x_wconf 86' lang='grc' dir='ltr'><em>λάκις</em></span> <span class='ocrx_word' id='word_1_205' title='bbox 223 2543 318 2608; x_wconf 79' lang='grc' dir='ltr'><em>εἴωθε</em></span> <span class='ocrx_word' id='word_1_206' title='bbox 338 2552 457 2605; x_wconf 81' lang='grc' dir='ltr'><em>ποιεῖν·</em></span> <span class='ocrx_word' id='word_1_207' title='bbox 478 2540 618 2629; x_wconf 78' lang='grc' dir='ltr'><em>ἄμετρον</em></span> <span class='ocrx_word' id='word_1_208' title='bbox 641 2542 745 2625; x_wconf 77' lang='grc' dir='ltr'><em>δριιην</em></span> <span class='ocrx_word' id='word_1_209' title='bbox 766 2539 858 2626; x_wconf 77' lang='grc' dir='ltr'><em>λάβῃ,</em></span> <span class='ocrx_word' id='word_1_210' title='bbox 880 2546 989 2629; x_wconf 77' lang='grc' dir='ltr'><em>πολλῷ</em></span> <span class='ocrx_word' id='word_1_211' title='bbox 1004 2540 1125 2623; x_wconf 89' lang='grc' dir='ltr'><em>χείρων</em></span> <span class='ocrx_word' id='word_1_212' title='bbox 1143 2539 1263 2626; x_wconf 73' lang='grc' dir='ltr'><em>ἑαυτῆς</em></span> <span class='ocrx_word' id='word_1_213' title='bbox 1281 2543 1439 2624; x_wconf 90' lang='grc' dir='ltr'><em>γίγνεται.</em></span> <span class='ocrx_word' id='word_1_214' title='bbox 1459 2546 1514 2608; x_wconf 83' lang='grc' dir='ltr'><em>καί</em></span> <span class='ocrx_word' id='word_1_215' title='bbox 1533 2549 1594 2630; x_wconf 91' lang='grc' dir='ltr'><em>γάρ</em></span> <span class='ocrx_word' id='word_1_216' title='bbox 1619 2548 1713 2629; x_wconf 79' lang='grc' dir='ltr'><em>ὀἷηδε-</em></span> 
     </span>
     <span class='ocr_line' id='line_1_20' title="bbox 107 2639 1711 2731; baseline -0.001 -19"><span class='ocrx_word' id='word_1_217' title='bbox 107 2650 206 2730; x_wconf 89' lang='grc' dir='ltr'><em>οτέρα</em></span> <span class='ocrx_word' id='word_1_218' title='bbox 231 2651 289 2728; x_wconf 87' lang='grc' dir='ltr'><em>τῆς</em></span> <span class='ocrx_word' id='word_1_219' title='bbox 316 2641 428 2729; x_wconf 79' lang='grc' dir='ltr'><em>ἐτέρας</em></span> <span class='ocrx_word' id='word_1_220' title='bbox 455 2645 510 2707; x_wconf 84' lang='grc' dir='ltr'><em>καί</em></span> <span class='ocrx_word' id='word_1_221' title='bbox 537 2641 648 2709; x_wconf 87' lang='grc' dir='ltr'><em>κάκιον</em></span> <span class='ocrx_word' id='word_1_222' title='bbox 674 2639 887 2729; x_wconf 74' lang='grc' dir='ltr'><em>ἑλληνίζοντα</em></span> <span class='ocrx_word' id='word_1_223' title='bbox 908 2645 965 2706; x_wconf 86' lang='grc' dir='ltr'><em>καί</em></span> <span class='ocrx_word' id='word_1_224' title='bbox 984 2645 1154 2728; x_wconf 87' lang='grc' dir='ltr'><em>παχυτέρα</em></span> <span class='ocrx_word' id='word_1_225' title='bbox 1173 2644 1340 2728; x_wconf 81' lang='grc' dir='ltr'><em>φαίνεται.</em></span> <span class='ocrx_word' id='word_1_226' title='bbox 1366 2645 1512 2724; x_wconf 74' lang='grc' dir='ltr'><em>μελαίνει</em></span> <span class='ocrx_word' id='word_1_227' title='bbox 1535 2672 1571 2711; x_wconf 85' lang='grc' dir='ltr'><em>τε</em></span> <span class='ocrx_word' id='word_1_228' title='bbox 1590 2650 1650 2731; x_wconf 86' lang='grc' dir='ltr'><em>γάρ</em></span> <span class='ocrx_word' id='word_1_229' title='bbox 1674 2651 1711 2712; x_wconf 82' lang='grc' dir='ltr'><em>τὸ</em></span> 
     </span>
     <span class='ocr_line' id='line_1_21' title="bbox 105 2743 1714 2835; baseline 0.002 -22"><span class='ocrx_word' id='word_1_230' title='bbox 105 2751 207 2833; x_wconf 84' lang='grc' dir='ltr'><em>σαφὲς</em></span> <span class='ocrx_word' id='word_1_231' title='bbox 228 2747 283 2810; x_wconf 86' lang='grc' dir='ltr'><strong><em>καί</em></strong></span> <span class='ocrx_word' id='word_1_232' title='bbox 304 2743 393 2831; x_wconf 78' lang='grc' dir='ltr'><em>ζόφῳ</em></span> <span class='ocrx_word' id='word_1_233' title='bbox 413 2754 504 2810; x_wconf 80' lang='grc' dir='ltr'><em>ποιεῖ</em></span> <span class='ocrx_word' id='word_1_234' title='bbox 520 2743 757 2827; x_wconf 83' lang='grc' dir='ltr'><em>παραπλήσιον,</em></span> <span class='ocrx_word' id='word_1_235' title='bbox 789 2748 873 2810; x_wconf 82' lang='grc' dir='ltr'><em>ἓλκει</em></span> <span class='ocrx_word' id='word_1_236' title='bbox 895 2771 931 2811; x_wconf 90' lang='grc' dir='ltr'><em>τε</em></span> <span class='ocrx_word' id='word_1_237' title='bbox 954 2749 1083 2831; x_wconf 85' lang='grc' dir='ltr'><em>μακρὸν</em></span> <span class='ocrx_word' id='word_1_238' title='bbox 1104 2744 1318 2810; x_wconf 73' lang='grc' dir='ltr'><em>ἀποτείνουσα</em></span> <span class='ocrx_word' id='word_1_239' title='bbox 1338 2747 1395 2809; x_wconf 87' lang='grc' dir='ltr'><em>τόν</em></span> <span class='ocrx_word' id='word_1_240' title='bbox 1415 2752 1507 2813; x_wconf 87' lang='grc' dir='ltr'><em>νοῦν.</em></span> <span class='ocrx_word' id='word_1_241' title='bbox 1530 2754 1714 2835; x_wconf 77' lang='grc' dir='ltr'><em>συστρέψαι</em></span> 
     </span>
     <span class='ocr_line' id='line_1_22' title="bbox 105 2843 1713 2936; baseline 0.004 -22"><span class='ocrx_word' id='word_1_242' title='bbox 105 2854 139 2914; x_wconf 85' lang='grc' dir='ltr'><em>δὲ</em></span> <span class='ocrx_word' id='word_1_243' title='bbox 159 2852 230 2913; x_wconf 88' lang='grc' dir='ltr'><em>δέον</em></span> <span class='ocrx_word' id='word_1_244' title='bbox 248 2851 282 2913; x_wconf 89' lang='grc' dir='ltr'><em>ἐν</em></span> <span class='ocrx_word' id='word_1_245' title='bbox 305 2846 424 2929; x_wconf 79' lang='grc' dir='ltr'><em>ὀλίγοις</em></span> <span class='ocrx_word' id='word_1_246' title='bbox 448 2843 614 2926; x_wconf 86' lang='grc' dir='ltr'><em>ὀνόμασιν,</em></span> <span class='ocrx_word' id='word_1_247' title='bbox 646 2849 787 2929; x_wconf 84' lang='grc' dir='ltr'><em>ἐκχεῖται</em></span> <span class='ocrx_word' id='word_1_248' title='bbox 808 2852 854 2924; x_wconf 83' lang='grc' dir='ltr'><em>εἷς</em></span> <span class='ocrx_word' id='word_1_249' title='bbox 876 2849 1111 2932; x_wconf 80' lang='grc' dir='ltr'><em>α’πειροκάλους</em></span> <span class='ocrx_word' id='word_1_250' title='bbox 1131 2846 1358 2935; x_wconf 84' lang='grc' dir='ltr'><em>περιφράσεις,</em></span> <span class='ocrx_word' id='word_1_251' title='bbox 1387 2856 1526 2917; x_wconf 90' lang='grc' dir='ltr'><em>πλοῦτον</em></span> <span class='ocrx_word' id='word_1_252' title='bbox 1547 2853 1713 2936; x_wconf 81' lang='grc' dir='ltr'><em>ὀνομάτων</em></span> 
     </span>
     <span class='ocr_line' id='line_1_23' title="bbox 103 2948 1712 3039; baseline 0.004 -20"><span class='ocrx_word' id='word_1_253' title='bbox 103 2955 344 3035; x_wconf 63' lang='grc' dir='ltr'><em>ἐπιδεικνυμένη</em></span> <span class='ocrx_word' id='word_1_254' title='bbox 371 2948 477 3015; x_wconf 85' lang='grc' dir='ltr'><em>κενόν·</em></span> <span class='ocrx_word' id='word_1_255' title='bbox 508 2948 709 3035; x_wconf 75' lang='grc' dir='ltr'><em>ὑπεριδοῦσά</em></span> <span class='ocrx_word' id='word_1_256' title='bbox 736 2977 770 3015; x_wconf 87' lang='grc' dir='ltr'><em>τε</em></span> <span class='ocrx_word' id='word_1_257' title='bbox 798 2957 863 3014; x_wconf 83' lang='grc' dir='ltr'><em>τιῦν</em></span> <span class='ocrx_word' id='word_1_258' title='bbox 893 2952 1013 3036; x_wconf 87' lang='grc' dir='ltr'><em>κυρίων</em></span> <span class='ocrx_word' id='word_1_259' title='bbox 1037 2953 1093 3016; x_wconf 78' lang='grc' dir='ltr'><em>καὶ</em></span> <span class='ocrx_word' id='word_1_260' title='bbox 1117 2956 1151 3020; x_wconf 88' lang='grc' dir='ltr'><em>έν</em></span> <span class='ocrx_word' id='word_1_261' title='bbox 1174 2958 1215 3039; x_wconf 78' lang='grc' dir='ltr'><em>τῇ</em></span> <span class='ocrx_word' id='word_1_262' title='bbox 1234 2956 1326 3037; x_wconf 81' lang='grc' dir='ltr'><em>κοινῇ</em></span> <span class='ocrx_word' id='word_1_263' title='bbox 1341 2949 1459 3035; x_wconf 78' lang='grc' dir='ltr'><em>χρήσει</em></span> <span class='ocrx_word' id='word_1_264' title='bbox 1480 2961 1644 3039; x_wconf 86' lang='grc' dir='ltr'><em>κειμένων,</em></span> <span class='ocrx_word' id='word_1_265' title='bbox 1671 2967 1712 3024; x_wconf 83' lang='grc' dir='ltr'><em>τά</em></span> 
     </span>
     <span class='ocr_line' id='line_1_24' title="bbox 103 3048 1712 3144; baseline 0.002 -24"><span class='ocrx_word' id='word_1_266' title='bbox 103 3059 303 3139; x_wconf 89' lang='grc' dir='ltr'><em>πεποιημένα</em></span> <span class='ocrx_word' id='word_1_267' title='bbox 324 3059 416 3141; x_wconf 81' lang='grc' dir='ltr'><em>ζητεῖ</em></span> <span class='ocrx_word' id='word_1_268' title='bbox 433 3055 490 3119; x_wconf 80' lang='grc' dir='ltr'><em>καί</em></span> <span class='ocrx_word' id='word_1_269' title='bbox 512 3058 586 3133; x_wconf 83' lang='grc' dir='ltr'><em>ξένα</em></span> <span class='ocrx_word' id='word_1_270' title='bbox 608 3054 665 3117; x_wconf 93' lang='grc' dir='ltr'><strong><em>καί</em></strong></span> <span class='ocrx_word' id='word_1_271' title='bbox 689 3057 932 3138; x_wconf 84' lang='grc' dir='ltr'><em>α’ρχαιοπρεπῆ.</em></span> <span class='ocrx_word' id='word_1_272' title='bbox 956 3049 1100 3134; x_wconf 87' lang='grc' dir='ltr'><em>μάλιστα</em></span> <span class='ocrx_word' id='word_1_273' title='bbox 1121 3056 1156 3117; x_wconf 80' lang='grc' dir='ltr'><em>δὲ</em></span> <span class='ocrx_word' id='word_1_274' title='bbox 1174 3048 1365 3134; x_wconf 82' lang='grc' dir='ltr'><em>χειμάζεται</em></span> <span class='ocrx_word' id='word_1_275' title='bbox 1383 3055 1460 3137; x_wconf 77' lang='grc' dir='ltr'><em>περὶ</em></span> <span class='ocrx_word' id='word_1_276' title='bbox 1480 3059 1539 3140; x_wconf 80' lang='grc' dir='ltr'><em>την</em></span> <span class='ocrx_word' id='word_1_277' title='bbox 1558 3060 1712 3144; x_wconf 74' lang='grc' dir='ltr'><em>τροπικήν</em></span> 
     </span>
     <span class='ocr_line' id='line_1_25' title="bbox 104 3151 1713 3244; baseline 0.006 -25"><span class='ocrx_word' id='word_1_278' title='bbox 104 3154 246 3242; x_wconf 83' lang='grc' dir='ltr'><em>φράσιν·</em></span> <span class='ocrx_word' id='word_1_279' title='bbox 267 3154 367 3238; x_wconf 80' lang='grc' dir='ltr'><em>πολλη</em></span> <span class='ocrx_word' id='word_1_280' title='bbox 389 3156 527 3240; x_wconf 81' lang='grc' dir='ltr'><em>μὲνγὰρ</em></span> <span class='ocrx_word' id='word_1_281' title='bbox 550 3157 583 3220; x_wconf 86' lang='grc' dir='ltr'><em>ἐν</em></span> <span class='ocrx_word' id='word_1_282' title='bbox 604 3165 672 3228; x_wconf 88' lang='grc' dir='ltr'><em>τοῖς</em></span> <span class='ocrx_word' id='word_1_283' title='bbox 692 3157 863 3234; x_wconf 84' lang='grc' dir='ltr'><em>ἐπιθέτοις,</em></span> <span class='ocrx_word' id='word_1_284' title='bbox 886 3151 1022 3239; x_wconf 78' lang='grc' dir='ltr'><em>ἄκαιρος</em></span> <span class='ocrx_word' id='word_1_285' title='bbox 1043 3159 1063 3219; x_wconf 93' lang='grc' dir='ltr'><em>δ</em></span> <span class='ocrx_word' id='word_1_286' title='bbox 1069 3158 1112 3218; x_wconf 87' lang='grc' dir='ltr'><em>’ἐν</em></span> <span class='ocrx_word' id='word_1_287' title='bbox 1132 3163 1205 3228; x_wconf 80' lang='grc' dir='ltr'><em>ταῖς</em></span> <span class='ocrx_word' id='word_1_288' title='bbox 1224 3153 1431 3236; x_wconf 80' lang='grc' dir='ltr'><em>ἐπωνυμίαις,</em></span> <span class='ocrx_word' id='word_1_289' title='bbox 1456 3164 1578 3244; x_wconf 88' lang='grc' dir='ltr'><em>σκληρά</em></span> <span class='ocrx_word' id='word_1_290' title='bbox 1602 3166 1637 3228; x_wconf 83' lang='grc' dir='ltr'><em>δὲ</em></span> <span class='ocrx_word' id='word_1_291' title='bbox 1658 3166 1713 3228; x_wconf 83' lang='grc' dir='ltr'><em>καί</em></span> 
     </span>
     <span class='ocr_line' id='line_1_26' title="bbox 104 3245 1712 3344; baseline 0.003 -21"><span class='ocrx_word' id='word_1_292' title='bbox 104 3262 144 3326; x_wconf 81' lang='grc' dir='ltr'><em>ου’</em></span> <span class='ocrx_word' id='word_1_293' title='bbox 163 3257 314 3338; x_wconf 77' lang='grc' dir='ltr'><em>σώζουσα</em></span> <span class='ocrx_word' id='word_1_294' title='bbox 332 3259 390 3343; x_wconf 79' lang='grc' dir='ltr'><em>την</em></span> <span class='ocrx_word' id='word_1_295' title='bbox 410 3259 580 3342; x_wconf 85' lang='grc' dir='ltr'><em>άναλογίαν</em></span> <span class='ocrx_word' id='word_1_296' title='bbox 602 3261 636 3322; x_wconf 90' lang='grc' dir='ltr'><em>ἐν</em></span> <span class='ocrx_word' id='word_1_297' title='bbox 654 3267 726 3331; x_wconf 85' lang='grc' dir='ltr'><em>ταῖς</em></span> <span class='ocrx_word' id='word_1_298' title='bbox 743 3269 943 3344; x_wconf 86' lang='grc' dir='ltr'><em>μεταφοραῖς</em></span> <span class='ocrx_word' id='word_1_299' title='bbox 962 3257 1118 3342; x_wconf 80' lang='grc' dir='ltr'><em>γίγνεται.</em></span> <span class='ocrx_word' id='word_1_300' title='bbox 1138 3252 1331 3338; x_wconf 71' lang='grc' dir='ltr'><em>ἀλληγορίας</em></span> <span class='ocrx_word' id='word_1_301' title='bbox 1350 3280 1386 3320; x_wconf 88' lang='grc' dir='ltr'><em>τε</em></span> <span class='ocrx_word' id='word_1_302' title='bbox 1406 3245 1633 3340; x_wconf 80' lang='grc' dir='ltr'><em>περιβάλλεται</em></span> <span class='ocrx_word' id='word_1_303' title='bbox 1649 3291 1712 3344; x_wconf 91' lang='grc' dir='ltr'><em>μα-</em></span> 
     </span>
     <span class='ocr_line' id='line_1_27' title="bbox 104 3354 1712 3450; baseline 0.001 -21"><span class='ocrx_word' id='word_1_304' title='bbox 104 3362 184 3449; x_wconf 84' lang='grc' dir='ltr'><em>κράς</em></span> <span class='ocrx_word' id='word_1_305' title='bbox 212 3365 266 3450; x_wconf 79' lang='grc' dir='ltr'><em>ιιαί</em></span> <span class='ocrx_word' id='word_1_306' title='bbox 291 3365 420 3440; x_wconf 89' lang='grc' dir='ltr'><em>πολλάς,</em></span> <span class='ocrx_word' id='word_1_307' title='bbox 451 3358 525 3427; x_wconf 74' lang='lat' dir='ltr'>orire</span> <span class='ocrx_word' id='word_1_308' title='bbox 551 3364 670 3444; x_wconf 86' lang='grc' dir='ltr'><em>μέτρον</em></span> <span class='ocrx_word' id='word_1_309' title='bbox 693 3358 840 3443; x_wconf 79' lang='grc' dir='ltr'><em>ἐχούσας,</em></span> <span class='ocrx_word' id='word_1_310' title='bbox 869 3357 943 3423; x_wconf 74' lang='lat' dir='ltr'>odra</span> <span class='ocrx_word' id='word_1_311' title='bbox 973 3354 1104 3441; x_wconf 86' lang='grc' dir='ltr'><em>καιρόν.</em></span> <span class='ocrx_word' id='word_1_312' title='bbox 1136 3354 1286 3439; x_wconf 80' lang='grc' dir='ltr'><em>σχήμασί</em></span> <span class='ocrx_word' id='word_1_313' title='bbox 1308 3382 1344 3422; x_wconf 85' lang='grc' dir='ltr'><em>τε</em></span> <span class='ocrx_word' id='word_1_314' title='bbox 1371 3373 1549 3444; x_wconf 82' lang='grc' dir='ltr'><em>ποιητικοῖς</em></span> <span class='ocrx_word' id='word_1_315' title='bbox 1573 3362 1712 3448; x_wconf 86' lang='grc' dir='ltr'><em>ἐσχάτην</em></span> 
     </span>
     <span class='ocr_line' id='line_1_28' title="bbox 50 3459 1712 3552; baseline -0.001 -21"><span class='ocrx_word' id='word_1_316' title='bbox 50 3478 55 3491; x_wconf 80' lang='grc'><em>’</em></span> <span class='ocrx_word' id='word_1_317' title='bbox 103 3465 364 3552; x_wconf 83' lang='grc' dir='ltr'><em>προσβάλλουσιν</em></span> <span class='ocrx_word' id='word_1_318' title='bbox 389 3463 513 3546; x_wconf 75' lang='grc' dir='ltr'><em>ἀηδίαν,</em></span> <span class='ocrx_word' id='word_1_319' title='bbox 545 3464 600 3527; x_wconf 92' lang='grc' dir='ltr'><strong><em>καί</em></strong></span> <span class='ocrx_word' id='word_1_320' title='bbox 624 3459 769 3545; x_wconf 86' lang='grc' dir='ltr'><em>μάλιστα</em></span> <span class='ocrx_word' id='word_1_321' title='bbox 799 3469 872 3535; x_wconf 74' lang='grc' dir='ltr'><em>τοῖςΙ</em></span> <span class='ocrx_word' id='word_1_322' title='bbox 889 3460 1065 3546; x_wconf 90' lang='grc' dir='ltr'><em>Γοργείοις,</em></span> <span class='ocrx_word' id='word_1_323' title='bbox 1095 3460 1238 3544; x_wconf 82' lang='grc' dir='ltr'><em>α’καίρως</em></span> <span class='ocrx_word' id='word_1_324' title='bbox 1258 3462 1314 3524; x_wconf 81' lang='grc' dir='ltr'><em>καί</em></span> <span class='ocrx_word' id='word_1_325' title='bbox 1333 3465 1558 3546; x_wconf 78' lang='grc' dir='ltr'><em>μειρακιωδιῦς</em></span> <span class='ocrx_word' id='word_1_326' title='bbox 1575 3464 1712 3548; x_wconf 80' lang='grc' dir='ltr'><em>ἐναβρῦ·</em></span> 
     </span>
     <span class='ocr_line' id='line_1_29' title="bbox 102 3569 1710 3671; baseline 0.001 -24"><span class='ocrx_word' id='word_1_327' title='bbox 102 3601 204 3646; x_wconf 84' lang='grc' dir='ltr'><em>νεται·</em></span> <span class='ocrx_word' id='word_1_328' title='bbox 227 3579 281 3645; x_wconf 92' lang='grc' dir='ltr'><strong><em>καί</em></strong></span> <span class='ocrx_word' id='word_1_329' title='bbox 301 3571 491 3641; x_wconf 83' lang='grc' dir='ltr'><em>πολυτέλειά</em></span> <span class='ocrx_word' id='word_1_330' title='bbox 507 3599 559 3649; x_wconf 86' lang='grc' dir='ltr'><em>τις</em></span> <span class='ocrx_word' id='word_1_331' title='bbox 576 3574 665 3638; x_wconf 81' lang='grc' dir='ltr'><em>ἐστίν</em></span> <span class='ocrx_word' id='word_1_332' title='bbox 684 3575 719 3637; x_wconf 82' lang='grc' dir='ltr'><em>ἐν</em></span> <span class='ocrx_word' id='word_1_333' title='bbox 736 3581 805 3647; x_wconf 80' lang='grc' dir='ltr'><em>τοῖς</em></span> <span class='ocrx_word' id='word_1_334' title='bbox 824 3573 985 3648; x_wconf 81' lang='grc' dir='ltr'><em>τοιοῦτοις</em></span> <span class='ocrx_word' id='word_1_335' title='bbox 1003 3577 1074 3658; x_wconf 87' lang='grc' dir='ltr'><em>παρ’</em></span> <span class='ocrx_word' id='word_1_336' title='bbox 1093 3575 1193 3661; x_wconf 73' lang='grc' dir='ltr'><em>ου’τῷ.</em></span> <span class='ocrx_word' id='word_1_337' title='bbox 1205 3611 1244 3622; x_wconf 95' lang='grc'>-</span> <span class='ocrx_word' id='word_1_338' title='bbox 1272 3569 1347 3643; x_wconf 86' lang='lat' dir='ltr'>Sed</span> <span class='ocrx_word' id='word_1_339' title='bbox 1368 3598 1415 3643; x_wconf 87' lang='lat' dir='ltr'>ne</span> <span class='ocrx_word' id='word_1_340' title='bbox 1433 3570 1619 3671; x_wconf 77' lang='lat' dir='ltr'>longiores</span> <span class='ocrx_word' id='word_1_341' title='bbox 1639 3572 1710 3648; x_wconf 85' lang='lat' dir='ltr'><em>hoc</em></span> 
     </span>
     <span class='ocr_line' id='line_1_30' title="bbox 104 3685 1709 3792; baseline 0 -25"><span class='ocrx_word' id='word_1_342' title='bbox 104 3693 188 3767; x_wconf 89' lang='lat' dir='ltr'>loco</span> <span class='ocrx_word' id='word_1_343' title='bbox 209 3695 336 3780; x_wconf 87' lang='lat' dir='ltr'>simus,</span> <span class='ocrx_word' id='word_1_344' title='bbox 367 3710 482 3790; x_wconf 83' lang='lat' dir='ltr'>quam</span> <span class='ocrx_word' id='word_1_345' title='bbox 506 3712 654 3759; x_wconf 87' lang='lat' dir='ltr'>necesse</span> <span class='ocrx_word' id='word_1_346' title='bbox 679 3699 745 3774; x_wconf 85' lang='lat' dir='ltr'>est,</span> <span class='ocrx_word' id='word_1_347' title='bbox 782 3685 940 3760; x_wconf 83' lang='lat' dir='ltr'>sufficiat</span> <span class='ocrx_word' id='word_1_348' title='bbox 964 3700 1078 3760; x_wconf 87' lang='lat' dir='ltr'>totam</span> <span class='ocrx_word' id='word_1_349' title='bbox 1103 3712 1185 3761; x_wconf 87' lang='lat' dir='ltr'>rem</span> <span class='ocrx_word' id='word_1_350' title='bbox 1209 3689 1256 3763; x_wconf 84' lang='lat' dir='ltr'><em>ad</em></span> <span class='ocrx_word' id='word_1_351' title='bbox 1282 3693 1511 3766; x_wconf 73' lang='lat' dir='ltr'>Meinelsium</span> <span class='ocrx_word' id='word_1_352' title='bbox 1538 3691 1709 3792; x_wconf 82' lang='lat' dir='ltr'>rejicere,</span> 
     </span>
     <span class='ocr_line' id='line_1_31' title="bbox 104 3809 1708 3925; baseline 0.002 -39"><span class='ocrx_word' id='word_1_353' title='bbox 104 3817 169 3915; x_wconf 90' lang='lat' dir='ltr'><em>qui</em></span> <span class='ocrx_word' id='word_1_354' title='bbox 192 3816 230 3886; x_wconf 89' lang='lat' dir='ltr'><em>in</em></span> <span class='ocrx_word' id='word_1_355' title='bbox 253 3814 364 3885; x_wconf 88' lang='lat' dir='ltr'>tertio</span> <span class='ocrx_word' id='word_1_356' title='bbox 385 3810 644 3910; x_wconf 83' lang='lat' dir='ltr'>quaestionum</span> <span class='ocrx_word' id='word_1_357' title='bbox 667 3809 870 3918; x_wconf 87' lang='lat' dir='ltr'>specimine</span> <span class='ocrx_word' id='word_1_358' title='bbox 895 3834 1027 3887; x_wconf 84' lang='lat' dir='ltr'>omnes</span> <span class='ocrx_word' id='word_1_359' title='bbox 1041 3814 1224 3910; x_wconf 79' lang='lat' dir='ltr'>congessit</span> <span class='ocrx_word' id='word_1_360' title='bbox 1247 3813 1363 3903; x_wconf 92' lang='lat' dir='ltr'>locos,</span> <span class='ocrx_word' id='word_1_361' title='bbox 1386 3814 1524 3914; x_wconf 88' lang='lat' dir='ltr'>quibus</span> <span class='ocrx_word' id='word_1_362' title='bbox 1545 3813 1708 3925; x_wconf 59' lang='lat' dir='ltr'>indigest-</span> 
     </span>
     <span class='ocr_line' id='line_1_32' title="bbox 102 3926 1706 4032; baseline 0.002 -25"><span class='ocrx_word' id='word_1_363' title='bbox 102 3960 186 4007; x_wconf 90' lang='lat' dir='ltr'><em>mus</em></span> <span class='ocrx_word' id='word_1_364' title='bbox 209 3931 257 4006; x_wconf 86' lang='lat' dir='ltr'><em>ad</em></span> <span class='ocrx_word' id='word_1_365' title='bbox 282 3932 336 4026; x_wconf 84' lang='lat' dir='ltr'><em>id,</em></span> <span class='ocrx_word' id='word_1_366' title='bbox 365 3928 470 4031; x_wconf 90' lang='lat' dir='ltr'>quod</span> <span class='ocrx_word' id='word_1_367' title='bbox 489 3928 675 4019; x_wconf 85' lang='lat' dir='ltr'>volumus,</span> <span class='ocrx_word' id='word_1_368' title='bbox 695 3926 947 4029; x_wconf 79' lang='lat' dir='ltr'>probandum.</span> <span class='ocrx_word' id='word_1_369' title='bbox 999 3926 1074 4023; x_wconf 90' lang='lat' dir='ltr'><em>Qui</em></span> <span class='ocrx_word' id='word_1_370' title='bbox 1092 3930 1207 4021; x_wconf 84' lang='lat' dir='ltr'>volet,</span> <span class='ocrx_word' id='word_1_371' title='bbox 1233 3932 1403 4032; x_wconf 85' lang='lat' dir='ltr'>inspiciat</span> <span class='ocrx_word' id='word_1_372' title='bbox 1424 3932 1532 4007; x_wconf 90' lang='lat' dir='ltr'>illum</span> <span class='ocrx_word' id='word_1_373' title='bbox 1552 3935 1706 4027; x_wconf 90' lang='lat' dir='ltr'>librum,</span> 
     </span>
     <span class='ocr_line' id='line_1_33' title="bbox 103 4049 1707 4156; baseline 0.001 -26"><span class='ocrx_word' id='word_1_374' title='bbox 103 4084 150 4131; x_wconf 81' lang='lat' dir='ltr'>ex</span> <span class='ocrx_word' id='word_1_375' title='bbox 176 4051 256 4156; x_wconf 51' lang='lat' dir='ltr'>‘quo</span> <span class='ocrx_word' id='word_1_376' title='bbox 286 4053 528 4151; x_wconf 80' lang='lat' dir='ltr'>intelligatur,</span> <span class='ocrx_word' id='word_1_377' title='bbox 569 4053 724 4150; x_wconf 87' lang='lat' dir='ltr'>quinam</span> <span class='ocrx_word' id='word_1_378' title='bbox 748 4052 908 4123; x_wconf 83' lang='lat' dir='ltr'>maxime</span> <span class='ocrx_word' id='word_1_379' title='bbox 933 4064 1063 4150; x_wconf 78' lang='lat' dir='ltr'>poetae</span> <span class='ocrx_word' id='word_1_380' title='bbox 1095 4077 1135 4125; x_wconf 89' lang='lat' dir='ltr'>se</span> <span class='ocrx_word' id='word_1_381' title='bbox 1151 4049 1206 4145; x_wconf 33' lang='lat' dir='ltr'><em>,ad</em></span> <span class='ocrx_word' id='word_1_382' title='bbox 1230 4053 1435 4144; x_wconf 89' lang='lat' dir='ltr'>Platonem,</span> <span class='ocrx_word' id='word_1_383' title='bbox 1466 4054 1707 4132; x_wconf 85' lang='lat' dir='ltr'>Academicos</span> 
     </span>
    </p>
   </div>
   <div class='ocr_carea' id='block_1_7' title="bbox 102 4156 1516 4272">
    <p class='ocr_par' dir='ltr' id='par_1_7' title="bbox 102 4156 1516 4272">
     <span class='ocr_line' id='line_1_34' title="bbox 102 4156 1516 4272; baseline -0.004 -23"><span class='ocrx_word' id='word_1_384' title='bbox 102 4201 243 4263; x_wconf 89' lang='lat' dir='ltr'>omnes,</span> <span class='ocrx_word' id='word_1_385' title='bbox 269 4170 541 4272; x_wconf 82' lang='lat' dir='ltr'>Pythagoraeos</span> <span class='ocrx_word' id='word_1_386' title='bbox 561 4183 779 4270; x_wconf 88' lang='lat' dir='ltr'>ceterosque</span> <span class='ocrx_word' id='word_1_387' title='bbox 804 4156 1049 4270; x_wconf 82' lang='lat' dir='ltr'>philosophos</span> <span class='ocrx_word' id='word_1_388' title='bbox 1072 4168 1251 4246; x_wconf 84' lang='lat' dir='ltr'>ridendos</span> <span class='ocrx_word' id='word_1_389' title='bbox 1272 4172 1516 4246; x_wconf 68' lang='lat' dir='ltr'>contulerint</span> 
     </span>
    </p>
   </div>
   <div class='ocr_carea' id='block_1_8' title="bbox 155 4451 1708 4642">
    <p class='ocr_par' dir='ltr' id='par_1_8' title="bbox 155 4451 1708 4642">
     <span class='ocr_line' id='line_1_35' title="bbox 155 4451 1708 4555; baseline 0.006 -46"><span class='ocrx_word' id='word_1_390' title='bbox 155 4505 158 4519; x_wconf 88' lang='lat'>‚</span> <span class='ocrx_word' id='word_1_391' title='bbox 183 4452 757 4536; x_wconf 76' lang='lat' dir='ltr'>49·Aan.P0mpej.deP1atone.</span> <span class='ocrx_word' id='word_1_392' title='bbox 794 4455 930 4524; x_wconf 80' lang='lat' dir='ltr'>votvt.</span> <span class='ocrx_word' id='word_1_393' title='bbox 961 4451 1342 4555; x_wconf 63' lang='grc' dir='ltr'><em>μηιοδ-νοοιορι</em></span> <span class='ocrx_word' id='word_1_394' title='bbox 1364 4452 1708 4520; x_wconf 58' lang='lat' dir='ltr'>deuteronomio.</span> 
     </span>
     <span class='ocr_line' id='line_1_36' title="bbox 298 4554 1004 4642; baseline 0.008 -28"><span class='ocrx_word' id='word_1_395' title='bbox 298 4555 331 4614; x_wconf 93' lang='lat' dir='ltr'><em>in</em></span> <span class='ocrx_word' id='word_1_396' title='bbox 351 4556 514 4622; x_wconf 84' lang='lat' dir='ltr'>Demosth.</span> <span class='ocrx_word' id='word_1_397' title='bbox 534 4558 611 4621; x_wconf 89' lang='lat' dir='ltr'>ibid.</span> <span class='ocrx_word' id='word_1_398' title='bbox 632 4579 703 4642; x_wconf 76' lang='lat' dir='ltr'><em>pag.</em></span> <span class='ocrx_word' id='word_1_399' title='bbox 723 4554 813 4626; x_wconf 63' lang='lat'><em>966„</em></span> <span class='ocrx_word' id='word_1_400' title='bbox 939 4574 942 4579; x_wconf 89' lang='grc'><strong>’</strong></span> <span class='ocrx_word' id='word_1_401' title='bbox 1001 4564 1004 4568; x_wconf 77' lang='grc'><strong>“</strong></span> 
     </span>
    </p>
   </div>
   <div class='ocr_carea' id='block_1_9' title="bbox 0 0 2186 5536">
    <p class='ocr_par' dir='ltr' id='par_1_9' title="bbox 0 0 2186 5536">
     <span class='ocr_line' id='line_1_37' title="bbox 0 0 2186 5536; baseline 0 4"><span class='ocrx_word' id='word_1_402' title='bbox 0 0 2186 5536; x_wconf 95' lang='lat' dir='ltr'><em> </em></span> 
     </span>
    </p>
   </div>
  </div>
 </body>
</html>
