4364 5536
896 453 1211 562 ·-‚e-

286 692 494 795 disciplinis
519 695 715 768 instructos
736 718 825 797 esse,
846 693 990 794 quique
1016 688 1154 789 ingenii
1179 686 1413 763 facultatibus
1441 687 1648 792 adjungunt
1673 719 1801 765 rerum
1820 694 1890 768 hu-

286 843 479 892 manarum
499 816 801 918 prudentiam,''
777 845 803 889 ιι
836 828 966 916 poetae
989 813 1127 912 optime
1151 823 1441 911 consequentur,
1468 810 1608 911 quod
1600 840 1638 884 ιιι
1675 815 1889 889 comoediae

287 938 427 1010 ratione
448 938 558 1039 plane
584 938 788 1012 desiderari
811 920 936 1012 s'olcat.
987 932 1062 1007 Aut
1081 927 1190 1004 haec
1196 955 1255 1004 ars
1284 943 1348 1020 est,
1369 944 1431 1003 aut
1457 931 1563 1004 nulla
1587 935 1752 1026 omnino,
1778 935 1885 1035 cujus

192 1094 196 1103 ,
286 1054 409 1129 studio
434 1082 573 1148 omnes,
600 1059 665 1158 qui
692 1056 836 1150 volunt,
857 1055 1018 1131 multum
1040 1055 1132 1129 boni
1153 1054 1297 1153 assequi
1322 1051 1475 1151 possint.
1527 1050 1602 1125 Sed
1625 1051 1696 1127 hoc
1722 1068 1890 1157 tempore

286 1192 429 1252 tantum
453 1178 571 1253 nobis
597 1178 865 1254 declarandum
890 1179 975 1270 suit,
999 1163 1081 1269 cur,
1109 1175 1251 1249 omissis
1279 1172 1359 1255 aliis
1386 1169 1513 1262 rebus,
1551 1172 1692 1248 adhoc
1721 1202 1789 1250 nos
1818 1195 1891 1253 stu·

146 1332 151 1343 ·
200 1391 204 1401 ¹
290 1292 395 1368 dium
419 1299 651 1396 potissimum
676 1301 972 1391 contulissemus,
1008 1296 1143 1401 quod
1136 1325 1174 1371 ιιι
1200 1293 1454 1394 investiganda
1479 1293 1644 1370 Graecae
1678 1297 1891 1373 comoediae

288 1429 418 1489 natura
444 1420 666 1492 consisteret.
717 1419 763 1494 Id
785 1435 907 1494 autem
937 1418 1200 1528 explanatum
1200 1429 1253 1488 est
1270 1419 1373 1510 satis,
1399 1432 1440 1491 ut
1463 1417 1640 1509 arbitror,
1681 1419 1891 1520 diligenter,

256 1561 259 1569 ¹
290 1550 329 1607 ut
350 1539 489 1612 mirum
512 1539 632 1613 videri
664 1563 744 1610 non
767 1536 912 1629 debeat,
942 1538 1048 1638 quod
1081 1565 1213 1612 eorum
1249 1539 1466 1611 sententiam
1485 1538 1788 1639 improbaverim,
1823 1544 1889 1640 qui

290 1656 500 1732 comoediae
523 1658 689 1732 studium
719 1657 898 1733 damnum
923 1656 1061 1730 afferre
1088 1659 1292 1734 lectoribus
1316 1660 1494 1761 putarint.

388 1872 569 1994 Quamvis
603 1900 717 2002 igitur
747 1928 880 2004 magna
915 1899 1099 2001 quaedam
1129 1903 1177 1975 sit
1214 1897 1495 1974 comoediarum
1532 1898 1756 2000 jucunditas,
1797 1926 1892 2002 quae

290 2021 383 2122 mire
417 2020 601 2096 delectare
627 2026 757 2124 possit,
773 2027 902 2126 sitque
930 2022 1097 2097 studium
1121 2049 1251 2095 earum
1280 2021 1529 2122 praeclarum,
1556 2048 1633 2126 quo
1657 2024 1752 2099 nihil
1776 2026 1894 2125 possit

293 2164 368 2213 esse
395 2146 661 2242 praestantius,
674 2162 797 2228 tamen
824 2146 957 2220 multas
994 2143 1105 2217 habet
1135 2141 1384 2234 difficultates,
1422 2170 1531 2244 quae,
1562 2147 1633 2221 nisi
1667 2148 1732 2246 qui
1759 2148 1895 2219 artium

181 2330 184 2334 .
248 2366 250 2373 Ι
291 2264 442 2337 omnino
471 2265 586 2365 rudis
613 2282 727 2341 estet
764 2267 971 2370 im'peritus,
1011 2265 1141 2368 sugere
1179 2280 1342 2368 possunt·
1375 2269 1570 2343 neminem.
1620 2269 1703 2368 Ego
1738 2265 1895 2366 quidem

283 2385 408 2458 'multa
428 2386 518 2463 mihi
545 2387 705 2465 defuisse
729 2390 848 2465 fateor
872 2389 1058 2495 praesidia
1078 2390 1283 2496 doctrinae,
1312 2389 1450 2490 quibus
1483 2390 1512 2463 si
1539 2390 1737 2463 instructus
1765 2407 1894 2476 essem,
1955 2395 1960 2406 '

188 2562 191 2573 .
289 2505 389 2583 haud
410 2512 487 2591 scio
513 2539 559 2584 an
581 2512 695 2618 magis
720 2527 888 2586 accurate
913 2515 1141 2615 cupioseque
1172 2512 1225 2603 id,
1246 2510 1353 2613 quod
1374 2537 1566 2611 sequerer,
1594 2499 1776 2608 perficere
1801 2531 1895 2608 pos-

290 2654 379 2718 sem,
406 2645 547 2704 utnon
582 2646 725 2705 tentum
758 2633 979 2731 praestitisse
1015 2632 1106 2705 mihi
1137 2633 1279 2719 videar,
1318 2646 1500 2733 quantum
1532 2626 1607 2699 illis
1639 2627 1894 2743 praesentibus

287 2747 371 2818 lieri
396 2750 583 2846 potuisset
635 2750 735 2819 Tum
759 2750 921 2847 pertinet
955 2746 1003 2817 ad
1027 2771 1177 2817 omnem
1200 2745 1353 2849 hujusce
1387 2746 1440 2817 rei
1470 2748 1725 2847 quaestionem
1748 2771 1896 2864 semper

292 2869 331 2939 in
371 2882 550 2967 promptu
573 2865 723 2960 habere,
756 2895 872 2969 quam
894 2867 1003 2968 pauci
1031 2868 1105 2940 sint
1129 2866 1321 2969 iidemque
1354 2865 1513 2941 mutilati
1536 2860 1679 2940 mediae
1701 2891 1904 2968 novaeque,

221 3022 225 3031 ·
293 2987 506 3061 comoediae
539 2987 673 3079 fontes,
709 3011 803 3087 quos
839 2986 877 3058 in
903 3013 945 3059 re
982 2990 1173 3089 proposita
1208 2990 1479 3082 consuluerim;
1506 2988 1671 3090 denique
1707 2989 1894 3088 respicere

292 3106 397 3197 velis,
429 3123 504 3208 qua
536 3100 635 3200 utor,
674 3092 770 3181 vitae
808 3107 1072 3202 conditionem,
1115 3105 1211 3213 qu'ae
1236 3112 1316 3187 talis
1352 3126 1417 3200 est,
1451 3124 1492 3210 ut
1521 3111 1551 3182 si
1587 3133 1664 3181 non
1690 3106 1894 3221 infringere

292 3255 410 3329 spem,
434 3243 556 3305 tamen
579 3228 728 3305 tardare
752 3229 959 3310 litterarum
980 3233 1102 3308 studia
1122 3233 1250 3308 valeat.
1302 3231 1351 3304 At
1374 3241 1463 3304 v'ero
1488 3228 1640 3331 aggredi
1665 3256 1746 3303 rem
1776 3214 1894 3320 volui,

293 3347 520 3454 persuadens
545 3318 649 3446 mihi,
677 3370 859 3456 quantum
883 3354 1042 3428 hominis
1069 3379 1172 3427 mens
1196 3336 1375 3428 discendo
1402 3354 1522 3428 alatur
1547 3366 1584 3427 et
1608 3350 1819 3452 cogitand0,
1856 3367 1896 3425 ut
1983 3367 1985 3370 ‘

294 3499 440 3572 semper
462 3472 617 3575 aliquid
646 3489 708 3548 aut
737 3477 920 3576 anquirat,
962 3492 1024 3550 aut
1049 3488 1143 3577 agat,
1176 3488 1287 3573 atque
1319 3501 1484 3577 sperans,
1521 3456 1617 3566 sore,
1651 3489 1692 3548 ut
1724 3474 1894 3575 periculo

294 3617 378 3666 meo
392 3587 555 3666 adrem
583 3593 787 3667 accuratius
811 3596 1159 3697 investigandam
1124 3621 1224 3669 viros
1264 3595 1391 3671 doctos
1429 3609 1464 3669 et
1489 3594 1662 3669 omnibus
1687 3592 1896 3667 litterarum

297 3712 515 3814 adjumentis
538 3728 710 3789 mactatos
737 3716 976 3838 impellerem
