4364 5536
286 702 520 805 aliquantum
541 692 703 777 ridicula
726 713 859 790 essent,
882 700 998 801 magis
1025 700 1135 773 etiam
1158 709 1335 798 augerent
1375 694 1597 805 longiusque
1621 678 1792 771 ererum
1814 693 1888 771 lide

287 838 642 924 revocarentz.quae
661 823 867 895 iero‘ise'ria
890 823 967 895 siv'e
987 807 1263 911 'tristiaeise'nt
1290 821 1331 892 ih
1351 821 1536 918 contraria
1560 841 1716 920 prorsus
1740 818 1762 890 i.
1785 843 1817 888 e.
1839 817 1889 889 ri·

287 944 412 1018 dioula
432 943 710 1047 detorquerent.
729 951 906 1033 (dimensa
924 944 970 1020 ὥς
990 951 1097 1021 κακῶς
1116 947 1266 1032 ἔχοντας)
1310 941 1392 1015 Nee
1406 965 1497 1015 vero
1517 939 1653 1042 injuste
1669 962 1817 1039 semper
1836 934 1900 1011 fe?

286 1081 430 1156 cerunt,
457 1064 542 1140 cum
568 1067 684 1141 multa
710 1069 749 1138 in
774 1060 910 1136 fabulis
936 1069 1040 1138 κακῶς
1062 1064 1202 1149 ῥηθέντα
1226 1057 1418 1167 vidissent,
1444 1059 1522 1136 sive
1548 1085 1602 1153 ea,
1624 1087 1735 1162 *quae
1762 1085 1891 1135 rerum

233 1230 236 1235 ·
285 1183 399 1260 fidem
425 1187 659 1276 excederent,
699 1184 896 1256 autetiam
930 1179 1025 1250 inter
1056 1202 1095 1250 se
1122 1176 1386 1282 discreparent
1447 1185 1514 1272 llis
1534 1184 1654 1284 'igitur
1675 1180 1890 1283 ,aperiendis

287 1305 368 1381 lieri
394 1311 527 1407 potuit,
570 1323 612 1381 ut
637 1305 852 1379 fabularum
882 1313 1048 1372 auctores
1074 1313 1252 1401 tanquam
1279 1284 1447 1380 homines
1471 1303 1668 1379 mendaces
1697 1317 1734 1376 et
1760 1274 1890 1377 insulsi

287 1426 518 1503 luderentur.
570 1429 629 1499 Ex
655 1410 731 1524 quo
756 1421 989 1521 intelligitur,
1015 1416 1292 1527 historiamaut
1318 1425 1460 1522 epicam
1483 1440 1546 1498 aut
1569 1427 1761 1526 tragicam,
1794 1449 1891 1525 quae

286 1546 483 1621 adrerum
503 1545 616 1621 fidem
636 1545 841 1634 accederet,
859 1546 898 1616 in
915 1541 1093 1616 comicam
1110 1541 1362 1613 narrationem
1381 1540 1598 1643 detorqueri
1619 1570 1696 1617 non
1714 1547 1891 1645 potuisse,

288 1695 407 1770 quum
426 1694 536 1740 omne
557 1679 817 1765 argumentum
835 1650 1026 1762 ludicrum
1046 1669 1156 1762 atque
1176 1660 1337 1736 facetum
1353 1664 1393 1737 in
1414 1664 1527 1740 rebus
1544 1661 1637 1737 fictis
1659 1665 1892 1764 potissimum

287 1793 512 1863 consisteret.
566 1785 652 1881 Quo
678 1785 836 1857 maxime
862 1796 985 1854 autem
1009 1779 1282 1880 adjuvabantur
1306 1798 1451 1884 poetae,
1489 1781 1529 1874 id
1554 1785 1716 1884 pertinet
1741 1784 1789 1858 ad
1815 1811 1893 1859 ser·
1953 1807 1957 1815 ⁴
2055 1857 2058 1870 ,

286 1911 407 1981 monis
435 1924 470 1981 et
499 1908 627 2005 tragici
666 1919 702 1975 et
733 1905 865 1977 comici
892 1903 1152 1996 differentiam,
1186 1900 1291 2006 cujus
1317 1920 1448 1979 natura
1472 1903 1555 1978 talis
1580 1908 1639 1995 sit,
1667 1919 1709 1977 ut
1735 1904 1891 1980 ludendi
1970 1949 1975 1965 ι

287 2029 429 2127 largam
454 2028 646 2099 materiam
666 2027 853 2125 praebeat.
906 2025 1005 2121 Quis.
1025 2042 1079 2102 est
1103 2030 1214 2118 enim,
1240 2054 1354 2130 quem
1374 2024 1505 2126 fugiat,
1531 2039 1721 2130 quantum
1737 2028 1833 2100 inter
1853 2054 1892 2101 se

287 2145 697 2248 distentquotidiamus
724 2146 788 2239 ille
815 2171 857 2219 ac
883 2146 1048 2246 vulgaris
1069 2174 1205 2239 sermo,
1243 2161 1279 2219 et
1309 2145 1430 2246 gravis
1456 2144 1667 2243 tragoediae
1692 2163 1728 2222 et
1753 2151 1893 2251 magni-

289 2269 357 2343 lica
394 2270 522 2359 dictio,
564 2296 658 2370 quae
697 2294 982 2370 nonnumquam
1013 2268 1062 2342 ad
1095 2271 1216 2370 ipsum
1246 2265 1433 2341 tumidum
1467 2280 1639 2359 transeat,
1682 2282 1723 2340 ut
1744 2269 1894 2369 anayade
2010 2287 2013 2290 ·

260 2394 264 2399 '
290 2397 389 2476 λῆρος
416 2389 518 2486 apud
535 2389 820 2485 Aristophanem
842 2390 916 2460 dici
945 2392 1119 2486 potuerit.
1137 2391 1203 2451 ²7»
1245 2392 1305 2464 Ne*
1323 2391 1408 2488 quis
1433 2412 1524 2462 vero
1548 2389 1723 2488 antiquae
1748 2408 1894 2459 comoe-

292 2503 376 2577 diae
395 2508 555 2591 'morem,
579 2529 666 2602 -quo
692 2503 844 2587 Homeri
873 2526 914 2574 ac
935 2507 1137 2603 praecipue
1160 2508 1390 2603 tragicorum
1412 2509 1485 2580 loci
1512 2507 1672 2580 ridicule
1695 2505 1894 2579 transfere-

290 2625 440 2713 bantur,
466 2620 784 2724 quemadmodum
805 2623 994 2693 Ranarum
1013 2637 1049 2695 et
1067 2623 1206 2694 Avium
1223 2624 1391 2697 versibus
1412 2625 1587 2726 pluribus
1610 2626 1738 2698 doceri
1759 2639 1893 2723 potest,

291 2757 332 2816 ut
356 2745 521 2816 omittam
549 2742 744 2840 Hermippi
770 2738 949 2829 studium,
976 2739 1080 2839 cujus
1102 2742 1258 2842 quidem
1281 2760 1410 2844 poetae
1436 2745 1589 2820 acerbae
1610 2747 1896 2819 Homericorum

290 2890 469 2938 versuum
491 2861 673 2963 ,parodiae
699 2863 783 2943 satis
806 2857 1070 2958 apud-veteres
1097 2861 1302 2937 celebratae
1329 2882 1430 2964 sunt:
1466 2868 1623 2968 nequis
1650 2867 1764 2965 igitur
1787 2864 1895 2938 illum

291 3012 435 3060 morem
457 2973 543 3057 cum
564 2983 708 3055 mediae
729 2980 943 3054 comoediae
962 2982 1279 3078 rationelmiscere
1300 3011 1343 3058 ac
1363 2969 1595 3060 confundere
1615 2985 1716 3059 velit.
1767 2987 1895 3087 Neque

293 3108 392 3181 enim
417 3105 537 3179 ullum
562 3103 739 3204 parodiae
771 3100 997 3200 exemplum
1013 3102 1121 3174 facile
1153 3106 1364 3175 inveniatur
1388 3105 1491 3205 apud
1526 3108 1697 3206 antiquos
1723 3107 1895 3197 comicos,

293 3228 370 3330 quo
395 3243 470 3333 tota
497 3224 688 3325 cujusdam
714 3240 843 3324 poetae
868 3224 1031 3295 narratio
1058 3248 1100 3294 ac
1122 3221 1251 3295 fabula
1281 3221 1337 3297 ex'.
1352 3222 1581 3324 mythologie
1614 3240 1732 3297 sumta
1758 3205 1896 3298 comice

293 3347 466 3422 translata
484 3364 594 3448 atque
616 3372 789 3446 expressa
808 3344 931 3416 suerit.
983 3340 1056 3427 sed
1073 3357 1195 3415 tamen
1216 3343 1402 3417 habebant
1421 3344 1490 3433 illi,
1514 3367 1590 3443 quo
1612 3348 1762 3419 excitari
1781 3345 1895 3418 medii

292 3481 458 3570 possent3
500 3469 657 3539 maxime
691 3490 781 3538 uero
802 3463 851 3537 ad
874 3463 1089 3564 Epicharmi
1122 3466 1335 3567 exemplum
1358 3492 1396 3538 se
1423 3464 1765 3571 accommodabant,
1791 3464 1896 3566 cujus
1977 3489 1981 3495 ·
2066 3451 2069 3457 ’

293 3589 410 3662 multa
430 3613 545 3687 opera
563 3588 601 3659 in
627 3582 843 3660 deridendis
865 3584 1201 3683 antiquissimarum
1220 3584 1434 3658 fabularum
1453 3584 1697 3685 scriptoribus
1720 3586 1897 3659 collocata

295 3723 393 3781 erat:
443 3706 485 3779 id
524 3705 629 3805 quod
661 3719 698 3778 et
730 3707 880 3796 testium
909 3707 1139 3795 auctoritate,
1185 3721 1221 3780 et
1256 3706 1549 3807 fragmentorum
1577 3722 1709 3780 natura
1742 3705 1896 3806 intelligi

294 3829 452 3901 maxime
483 3841 613 3925 potest.
666 3824 868 3920 Quomodo
894 3840 1016 3899 autem
1044 3854 1126 3899 rem
1148 3853 1252 3904 suam
1280 3830 1492 3917 instituerit,
1528 3840 1570 3899 ut
1594 3824 1665 3899 hoc
1692 3827 1897 3901 comoedia-

294 3972 382 4019 rum
409 3970 523 4045 genus
552 3945 814 4040 conformaret,
853 3947 1033 4022 indubio
1060 3973 1238 4021 essenon
1265 3948 1389 4039 debet,
1428 3974 1515 4021 cum
1536 3945 1644 4020 facile
1668 3949 1715 4022 sit
1737 3949 1786 4023 ad
1811 3976 1896 4022 con-

296 4045 514 4165 jiciendum,
539 4093 625 4139 eum
644 4082 782 4162 autres
802 4066 992 4157 ridiculas,
1017 4067 1046 4139 si
1073 4091 1164 4166 quas
1192 4069 1230 4140 in
1253 4066 1388 4140 fabulis
1414 4066 1577 4159 vidisset,
1602 4072 1716 4171 magis
1741 4072 1897 4162 auxisse,

299 4203 363 4263 aut
387 4189 567 4286 tragicam
589 4190 842 4263 narrationem
863 4190 901 4262 in
928 4190 1158 4262 eontrarium
1183 4190 1414 4267 convertisse.
1466 4189 1542 4265 Sed
1564 4206 1651 4265 sunt
1674 4191 1747 4264 alio
1775 4189 1897 4265 loco'a

297 4310 405 4385 nobis
425 4307 621 4408 disputata,
641 4337 735 4410 quae
755 4308 828 4384 huc
849 4310 1037 4412 pertinere
1056 4312 1214 4414 possint3
1237 4310 1268 4383 si
1285 4309 1372 4411 quis
1392 4327 1483 4384 vero
1491 4304 1611 4413 plura
1624 4309 1766 4386 discere
1785 4311 1897 4403 volet,

381 4573 430 4634 27.
446 4571 525 4668 Rau.
549 4590 581 4633 v.
603 4566 695 4634 1037.
779 4608 800 4623 ,ι
840 4516 843 4522 ·

1258 4680 1303 4750 17
