4364 5536
951 515 1300 643 ’²3³7

288 768 376 844 que
414 735 716 822 comessatio,
757 746 980 832 tanquam
1012 730 1225 808 Acerrae
1264 734 1421 826 illius,
1463 760 1605 834 quem
1639 734 1786 811 facete
1813 739 1891 814 de·

285 861 487 962 scripsit
512 853 774 954 Martialis.
825 853 1066 929 Lucienus
1104 883 1295 958 quoquc
1337 859 1382 958 in
1413 853 1892 956 Discategorumento
1954 864 1957 870 ’

285 983 460 1056 Lunam
494 979 559 1051 ait
589 972 1232 1076 splenderetotcxwpctterr.
1273 978 1574 1064 Ἐπικωμάζειν
1605 992 1757 1052 autem
1787 1005 1893 1052 ver·
1924 1011 1929 1016 ·
2020 977 2022 980 ⁴

204 1103 206 1107 ’
286 1104 395 1176 bum
421 1114 507 1188 est,
534 1099 662 1170 sicut
687 1096 811 1198 apud
836 1099 1180 1196 Hippocratem
1209 1102 1493 1189 ἕαικραίνεινι
1527 1119 1628 1170 cum
1651 1102 1894 1199 repetitur

287 1221 594 1311 Comessati0‚
631 1217 859 1292 aliasane
883 1242 956 1289 res
983 1244 1002 1287 a
1027 1217 1261 1318 Repotiis:
1297 1212 1687 1316 quemadmodum
1712 1219 1757 1289 in
1783 1216 1895 1291 Ori-

287 1322 478 1449 ginibus
507 1340 807 1417 declaratum
829 1355 912 1416 est.
949 1336 1065 1437 Ejus
1089 1339 1218 1411 vocis
1238 1337 1483 1412 notionem
1506 1366 1784 1441 expressere
1810 1369 1895 1443 per

287 1466 424 1542 aliud
450 1465 664 1556 verbum,
697 1471 934 1567 βαλλίζεινι
970 1456 1102 1559 quod
1137 1460 1292 1530 rarius
1319 1458 1513 1558 quidem
1536 1476 1621 1536 est.
1672 1463 1893 1538 Fortasse

288 1604 330 1662 et
360 1588 552 1663 lenones
578 1586 799 1661 Ballones
832 1581 960 1655 inde.
1011 1583 1074 1653 Eo
1104 1580 1259 1654 verbo
1287 1595 1330 1652 et
1354 1579 1546 1673 Alexis,
1588 1597 1630 1672 et
1654 1584 1892 1686 Sophron,

288 1723 333 1782 et
353 1705 666 1808 Epicharmus
692 1709 760 1781 usi
786 1720 894 1780 sunt
923 1706 970 1776 in
1002 1707 1097 1779 suis
1125 1699 1413 1778 Comoediis.
1464 1699 1520 1774 Ae
1539 1702 1686 1778 duobus
1713 1705 1769 1780 his
1795 1711 1894 1782 testi-

286 1830 434 1918 moniis,
461 1852 557 1928 quae
577 1826 689 1900 modo
714 1824 807 1915 dixi,
827 1823 898 1897 alia
921 1821 1191 1926 adjunguntur,
1219 1853 1316 1927 quae
1335 1825 1663 1926 grammaticorum
1679 1825 1804 1901 studio
1831 1828 1893 1903 de-

292 1950 441 2026 bentur.
493 1951 594 2022 Haec
619 1963 742 2021 autem
762 1948 811 2020 ita
836 1948 999 2021 instituta
1022 1960 1120 2039 sunt,
1139 1960 1181 2020 ut
1205 1974 1286 2021 rem
1310 1949 1491 2047 integram
1515 1947 1743 2049 relinquant,
1764 1976 1894 2052 quara,

289 2063 544 2174 quodcunque
562 2069 668 2159 velis,
693 2066 781 2142 inde
802 2065 949 2142 efficere
967 2069 1095 2167 possis.
1147 2069 1241 2141 Sunt
1265 2068 1421 2172 quidem
1444 2064 1606 2144 haec:¹4·
1639 2077 1705 2164 Τήν
1723 2079 1892 2168 κωμῳδίαν

287 2185 564 2276 ηδρῆοδαίφασιν
574 2184 637 2250 aiud
647 2184 883 2271 Σοοσαρίωνος·
898 2182 957 2268 τήν
968 2187 1003 2247 δὲ
1016 2182 1193 2264 ὀνομασίαν
1206 2187 1291 2267 ἔχειν
1304 2185 1334 2250 οἱ
1351 2190 1412 2269 μὲν
1431 2185 1481 2252 δτι
1493 2187 1551 2253 ἐπὶ
1560 2185 1619 2262 τοὶς
1628 2183 1740 2269 κοδμας
1753 2187 1896 2272 περιιόν-

286 2320 338 2370 τες
351 2289 429 2381 ᾖδον
443 2291 498 2357 καί
511 2289 735 2371 tredecimum,
744 2286 841 2374 μήπω
856 2286 982 2352 πόλεων
998 2290 1114 2369 aducis,
1129 2288 1199 2352 ἀλλ’
1210 2291 1245 2353 ἐν
1260 2285 1384 2371 separe
1396 2287 1568 2354 οἰκούντων
1581 2293 1647 2354 τοῖν
1658 2290 1852 2376 ἀνθρώπων.
1864 2292 1896 2359 οῖ

199 2463 201 2466 ,
289 2400 324 2463 δὲ
339 2397 553 2478 ἀντιλέγοντές
572 2420 665 2480 φασι,
677 2392 722 2478 μή
740 2390 851 2474 κώμας
861 2398 1031 2457 καλεῖσθαι
1045 2390 1133 2476 παρὰ
1143 2389 1335 2476 mensalem,
1347 2388 1428 2454 α’λλδ
1443 2387 1573 2475 δήμους,
1585 2392 1641 2457 καί
1653 2395 1822 2482 κωμῳδίαν
1838 2399 1896 2462 ad-

221 2517 225 2522 '
287 2496 347 2580 τήν
361 2501 522 2574 καλοῦσιν,
534 2497 604 2560 ἐπεὶ
621 2499 655 2560 ἐν
667 2508 739 2573 ταῖς
752 2498 839 2572 ὁδοῖς
851 2493 1026 2576 ἒκοδμαζον,
1043 2508 1076 2558 et
1090 2499 1181 2557 alibi:
1196 2499 1239 2555 15.
1259 2496 1388 2574 Ἰοτέον,
1400 2491 1451 2557 ὅτι
1465 2493 1617 2581 κωμῳδίαι
1632 2489 1751 2582 ἕκλήθή
1764 2496 1897 2563 dadraei

289 2602 324 2666 ἓν
344 2595 467 2678 κώμαις
486 2592 626 2683 ᾅδεσθαι
651 2599 710 2672 τὰς
731 2599 898 2683 κωμῳδίας
920 2594 1040 2680 (κώμας
1063 2599 1097 2657 δὲ
1119 2593 1253 2657 ἐκάλουν
1274 2593 1304 2657 οἱ
1325 2597 1458 2658 παλαιοί
1475 2594 1552 2670 ratic
1572 2597 1766 2683 οτενωποδς)
1788 2594 1812 2680 ἢ
1830 2599 1894 2687 aina*

287 2707 348 2767 τοῦ
362 2701 397 2766 ἒν
412 2708 484 2774 ταῖς
501 2696 667 2778 κωμάσεσι
681 2702 743 2761 τοῦ
752 2693 917 2760 Διονύσου
931 2698 1059 2778 πρῶτον
1073 2694 1280 2772 ἐπινοηθῆναι
1290 2696 1435 2774 ταυτασί,
1450 2692 1473 2778 ἢ
1485 2696 1574 2780 παρὰ
1589 2697 1626 2763 τδ
1641 2688 1743 2779 κῶμα,
1760 2697 1898 2776 ὁδ’πνος.

287 2808 461 2906 Denique
490 2801 587 2877 illud
612 2800 768 2903 quidem
787 2798 946 2870 maxime
972 2796 1167 2897 exploratu
1192 2794 1346 2868 difficile
1370 2812 1436 2887 est,
1464 2799 1616 2897 quando
1642 2802 1810 2878 homines
1833 2831 1895 2879 co-

288 2924 457 3002 moediae
476 2921 706 3023 nomineguti
734 2918 939 3019 coeperint,
967 2941 1053 2991 cum
1073 2943 1131 2990 res
1157 2920 1310 2990 omnino
1337 2919 1376 2990 in
1403 2920 1547 2993 incerto
1567 2922 1688 3020 posita
1710 2924 1768 2996 sit
1804 2926 1895 3007 „Nec

288 3071 394 3137 vero,
428 3041 524 3145 quid
547 3043 715 3128 sentiam,
753 3036 889 3110 dixisse
910 3039 1120 3144 poeniteat3
1159 3038 1239 3108 veri
1266 3040 1366 3114 enim
1389 3042 1624 3117 simillimum
1649 3057 1714 3134 est,
1751 3019 1895 3120 comoe-

290 3164 391 3240 diam
420 3165 472 3236 sic
500 3161 685 3234 nominari
713 3159 877 3258 coepisse
899 3171 993 3245 tum,
1018 3181 1105 3228 cum
1129 3154 1320 3256 tragoedia
1342 3159 1390 3233 ad
1414 3177 1535 3235 artem·
1555 3161 1704 3236 redacta
1728 3176 1764 3236 et
1787 3170 1896 3240 certis
1936 3155 1937 3158 ¹

289 3285 469 3361 limitibus
494 3280 775 3378 circumscripta
801 3288 906 3365 esset,
935 3274 1040 3375 quod
1056 3267 1222 3378 ¹quidem
1253 3275 1384 3351 seriori
1418 3283 1523 3354 aetati
1557 3282 1802 3359 tribuendum
1830 3303 1896 3377 est,

288 3404 478 3507 siquidem
496 3419 643 3503 tempus
665 3402 802 3475 artium
825 3401 873 3474 sit
897 3412 933 3471 et
957 3398 1045 3473 lima
1071 3411 1107 3470 et
1131 3394 1203 3470 lex.

1030 3600 1108 3681 „A

390 3777 720 3879 Quemadmodum
756 3778 918 3878 origines
954 3773 1169 3850 comoediae
1203 3791 1427 3851 revocentur
1459 3776 1508 3850 ad
1535 3776 1669 3853 choros
1697 3781 1893 3882 phallicos,

290 3907 375 3981 satis
407 3904 633 4006 explicatum
657 3898 841 3991 a1·hitror;
874 3900 1061 4004 sequitur,
1101 3912 1143 3970 ut
1166 3897 1313 4000 reliqua
1337 3926 1556 4002 persequar,
1588 3924 1684 3998 quae
1706 3905 1895 4001 pertinent

291 4027 340 4102 ad
366 4025 634 4128 quaestionem,
668 4033 797 4092 utrum
817 4019 1057 4092 Doriensium
1079 4019 1246 4120 populis,
1271 4048 1319 4093 an
1340 4018 1625 4095 Atheniensibus
1649 4023 1812 4123 palmam
1837 4029 1894 4100 in·

289 4163 420 4223 ventae
446 4142 658 4230 comoediae
684 4137 915 4232 deferamus3
956 4139 1106 4232 deinde,
1140 4140 1332 4242 quomodo
1360 4142 1500 4217 factum
1524 4146 1584 4236 sit,
1618 4160 1659 4219 ut
1672 4144 1753 4226 ,hoc
1777 4173 1893 4247 genus

290 4270 406 4371 magis
430 4263 610 4369 progredi
635 4276 746 4362 atque
770 4257 890 4334 excoli
916 4261 1091 4361 potuerit
1141 4261 1199 4334 De
1219 4261 1358 4364 quihus
1377 4262 1503 4338 dicere
1529 4263 1738 4367 aggrediar,
1764 4293 1894 4368 quam-

303 4448 583 4469 w

384 4552 429 4612 14.
448 4538 571 4616 Platon.
593 4547 670 4631 περί
678 4537 866 4630 ’κωμῳδίας
887 4559 957 4623 pag·
977 4538 1057 4602 Vllt.
1079 4538 1127 4601 ed.
1148 4539 1294 4603 Dindori.

383 4657 429 4714 15.
454 4652 530 4716 ibid.
551 4673 619 4748 pag.
643 4651 730 4714 xlx.
755 4645 859 4727 Θωμα
878 4647 939 4712 mi
957 4645 1163 4728 Μαγιστροο.
1182 4646 1263 4708 cont.
1284 4667 1353 4731 pag.
1371 4647 1440 4711 ΧΠ.
