4364 5536
942 498 1138 647 5185
1174 533 1248 652 ᾗ·
1295 564 1300 573 «

284 722 518 824 praesertim
535 718 583 794 ad
602 746 697 794 rem
701 717 915 801 militarem
917 720 1053 794 minus
1063 720 1138 840 apti
1161 731 1450 819 ementesque
1448 719 1514 794 in
1508 718 1645 797 rebus
1654 720 1798 799 bellicis
1814 723 1892 828 glo-

282 845 398 917 riam
406 843 569 982 adipisci
598 843 737 916 liceret.
789 839 917 934 Quare
936 837 1015 914 lieri
1037 841 1174 941 potuit
1191 854 1401 930 ritmorum
1417 847 1550 960 magna
1569 856 1661 919 esset
1678 845 1891 946 perpolitib,

292 962 477 1063 cujusvis
503 967 543 1039 in
568 988 695 1066 omnes
720 963 815 1036 ritae
841 975 963 1061 partes
988 960 1151 1052 caderet,
1188 986 1321 1063 magna
1345 962 1383 1034 in
1407 951 1533 1064 rebus
1546 949 1689 1079 pulcris
1713 967 1891 1039 venustis-

286 1111 366 1186 ιιιιιι
391 1086 583 1186 elegantia,
610 1085 658 1160 ad
685 1111 797 1186 quam
823 1087 901 1184 ipse
926 1108 1061 1173 sermo,
1089 1096 1166 1184 quo
1190 1081 1356 1156 homines
1381 1085 1588 1174 uterentur,
1618 1083 1808 1161 formari
1799 1085 1890 1158 inci·

292 1223 406 1309 peret.
446 1204 612 1280 Accedit
638 1204 782 1295 eodem,
801 1221 843 1278 ut
861 1220 936 1279 tota
955 1203 1298 1303 instituendi-ratio,
1316 1203 1435 1303 qualis
1453 1203 1499 1277 ab
1521 1171 1890 1305 antiquissimistem·
1934 1297 1946 1304 ..

283 1329 461 1428 poribus
474 1331 603 1401 usitata
631 1342 736 1416 essct,
771 1343 908 1400 certam
943 1328 1091 1427 ingenii
1100 1339 1254 1426 partem
1287 1323 1500 1416 excoleret,
1524 1347 1637 1426 quae
1646 1326 1890 1399 insermonis

289 1463 424 1523 natura
442 1451 736 1550 exprimeretur,
765 1448 851 1521 dico
878 1448 1116 1529 subtilitatem
1137 1443 1327 1545 quandam
1354 1459 1408 1517 et
1413 1441 1568 1517 acumen
1590 1448 1738 1547 ingenii.
1789 1444 1890 1519 illud

291 1584 426 1659 autem,
452 1568 584 1668 quod
575 1567 745 1660 dicimus,
771 1569 841 1642 hoc
863 1572 1022 1642 maxime
1046 1556 1214 1667 tempore
1236 1563 1417 1654 elucebat,
1445 1553 1549 1664 quod
1576 1574 1652 1666 quo
1671 1568 1793 1671 magis
1807 1592 1892 1669 per-

291 1693 483 1811 spiciatur,
507 1691 753 1790 repetendum
773 1692 880 1765 altius
901 1689 1061 1763 videtur
1099 1689 1158 1759 Ex
1181 1711 1259 1793 quo
1282 1686 1381 1777 enim
1402 1698 1572 1785 tempore
1590 1686 1749 1788 'Gorgias
1772 1687 1892 1760 Leon·

289 1816 403 1904 tinus,
432 1814 526 1912 qui
521 1814 735 1888 societatem
753 1811 895 1884 civibus
920 1812 995 1884 s'uis
1020 1809 1217 1910 petebat,
1208 1835 1247 1880 ιιι
1271 1808 1448 1880 concione
1470 1805 1753 1898 Atheniensium
1775 1805 1892 1879 multa
2012 1865 2019 1869 .
2076 1792 2079 1796 ι

291 1928 479 2031 eleganter
500 1939 611 2032 sitque
632 1931 826 2007 artificiose
846 1933 1003 2022 dixerat,
1024 1947 1065 2004 ut
1085 1956 1225 2020 omnes,
1246 1937 1265 2003 a
1290 1928 1427 2028 quibus
1449 1927 1596 2002 auditus
1616 1941 1732 2016 esset,
1749 1952 1892 2000 summa

292 2049 534 2159 admiratione
560 2049 736 2141 afficeret,
755 2051 780 2108 ¹·
813 2051 1231 2153 indequesintellectum
1256 2061 1346 2137 erat,
1378 2059 1555 2149 quantam
1578 2051 1655 2122 vim
1678 2047 1838 2121 haberet
1856 2059 1891 2119 et

291 2186 462 2260 accurata
487 2186 524 2272 et
547 2171 641 2244 facta
668 2171 947 2274 quodammodo
974 2171 1106 2259 oratio,
1145 2169 1251 2241 multi
1287 2167 1446 2241 docendi
1473 2171 1637 2270 magistri
1662 2170 1890 2255 exstiterunt,

291 2317 458 2389 qnorum
478 2293 643 2367 studium
667 2288 714 2365 in
728 2291 855 2365 iisdem
883 2291 994 2364 rebus
1019 2296 1240 2362 versaretur.
1291 2287 1532 2385 Instituebant
1557 2305 1678 2365 autem
1698 2287 1752 2360 illi
1775 2287 1892 2360 homi-

295 2435 356 2480 nes
384 2391 587 2480 illustrium
612 2432 741 2478 rerum
777 2411 1056 2502 disputationes,
1082 2433 1178 2500 quae
1209 2433 1421 2482 communes
1448 2408 1534 2498 loci,
1567 2416 1691 2495 θέσεις,ι
1719 2405 1892 2481 diceban-

295 2506 369 2616 tur,
409 2529 458 2599 ita
496 2542 538 2598 ut
562 2526 606 2596 ιιι·
632 2525 743 2597 rebus
761 2519 972 2595 'laudandis'
997 2534 1061 2593 ant
1088 2522 1347 2620 'vituperandis
1379 2508 1548 2627 occupati
1579 2529 1749 2600 essent²
1780 2526 1893 2598 'Mox

292 2649 441 2719 accessit
461 2646 509 2719 ad
532 2645 611 2718 illas
632 2644 907 2724 exercitationes
929 2640 1199 2714 aliudsdicendi
1219 2668 1346 2743 genus,
1365 2645 1470 2744 quod
1491 2650 1703 2730 ἐπιδεικτικὸν
1727 2637 1892 2746 ιιιιιιιιιιιῖ

292 2795 365 2868 que
390 2767 541 2853 dicitur,
568 2760 673 2860 cujus
701 2765 820 2834 omnis
844 2764 1033 2852 institutio,
1065 2788 1151 2835 cum
1178 2791 1199 2834 a
1222 2763 1360 2838 forensi
1397 2765 1630 2839 contentione
1657 2763 1811 2854 abesset,
1845 2764 1892 2837 ιιι

292 2885 516 2983 voluptatem
541 2877 744 2980 parandam
770 2881 1002 2977 potissimum
1027 2898 1217 2980 spectaret
1232 2885 1258 2942 ³·
1298 2884 1385 2979 Quo
1411 2887 1448 2958 in
1471 2910 1607 2999 genere
1633 2910 1730 2958 rese
1750 2884 1893 2986 mytho-

295 3005 392 3103 logia
417 3004 492 3103 peti
520 3000 651 3084 solent,
680 2996 760 3083 sed,
788 3023 864 3096 quo
883 2995 1002 3127 majus
1032 2999 1210 3075 damnum
1235 3003 1359 3076 afferri
1384 3004 1603 3093 videbatur,·
1618 3003 1893 3121 philosophicae

292 3123 509 3195 subtilitates
533 3112 796 3192 oratioriihus
789 3112 903 3188 inseri
924 3133 1075 3217 coeptae
1088 3120 1194 3193 sunt.
1246 3106 1306 3197 hd
1323 3123 1427 3198 illud
1454 3129 1577 3197 autem
1596 3112 1751 3198 dicendi
1779 3152 1892 3225 genus
1988 3158 1991 3165 ·

294 3268 420 3346 omnes
439 3241 530 3330 fere,
556 3242 620 3340 qui
641 3263 776 3310 nornen
797 3230 1018 3327 hahuerunt,
1043 3256 1206 3313 oratores
1226 3267 1304 3313 sese
1329 3241 1578 3374 applicabant,
1603 3269 1765 3344 quorum
1791 3249 1894 3348 prin·

295 3389 380 3462 ceps
407 3377 459 3434 est
482 3363 672 3449 Isocrates,
696 3380 850 3457 magnus
876 3375 1003 3458 orator
1030 3373 1065 3430 et
1091 3359 1277 3476 perfectus
1303 3362 1487 3460 magister,
1512 3359 1619 3462 cujus
1645 3361 1777 3439 domus
1803 3392 1893 3440 cun-

294 3498 372 3556 ctae
401 3482 579 3555 Graeciae
607 3482 713 3580 qnasi
750 3478 860 3551 radus
894 3450 1048 3580 guidam
1081 3495 1220 3580 pateret
1254 3495 1363 3580 atque
1394 3481 1543 3556 officina
1576 3484 1775 3557 dicendi.⁴·
1820 3488 1894 3561 Sed

295 3607 472 3706 quoniam
498 3600 663 3697 ejusdem
683 3599 840 3670 rhetoris
862 3598 1057 3699 disciplina
1079 3603 1116 3672 in
1141 3600 1239 3673 idem
1258 3614 1402 3701 tempus
1424 3600 1565 3690 incidit,
1591 3629 1667 3701 quo
1687 3605 1892 3682 Aristotelis
2008 3627 2013 3637 '

294 3725 457 3821 studium
483 3727 521 3796 in
547 3725 656 3796 rebus
681 3718 947 3822 philosophicis
971 3718 1105 3790 llorere
1125 3723 1315 3820 coepisset,
1341 3718 1435 3793 duae
1461 3723 1564 3818 quasi
1592 3720 1753 3795 familiae
1775 3741 1892 3814 erant,
1988 3769 1997 3777 ν

299 3864 338 3920 ut
359 3847 549 3918 Ciceronis
574 3845 691 3917 verbo
713 3860 807 3931 utar,
820 3843 844 3897 ⁵·
881 3824 1043 3938 quarum
1066 3838 1180 3911 altera
1204 3845 1241 3914 in
1263 3840 1497 3942 philosophia
1517 3843 1746 3933 versabatur,
1777 3847 1892 3919 altera

296 3968 343 4039 ad
371 3967 617 4066 eloquentiam
644 3963 862 4038 tradendam
886 3987 964 4033 sese
988 3959 1303 4050 accommodabat,
1328 3962 1377 4033 ita
1400 3973 1535 4051 tamen,
1559 3974 1600 4033 ιιι
1622 3977 1777 4064 utraque
1798 3968 1891 4038 ratio
1939 3952 1944 3965 ’

299 4112 564 4184 nonuunquam
590 4082 785 4180 conjuncta
811 4098 912 4156 esset.
964 4081 1091 4182 ltaque
1120 4083 1278 4182 nequis
1305 4079 1522 4170 admiretur,
1555 4108 1625 4154 cur
1648 4103 1779 4182 magna
1802 4101 1893 4159 esset

297 4225 332 4280 et
356 4215 636 4306 praeceptorum
663 4218 698 4274 et
721 4202 931 4277 scholarum
957 4202 1170 4293 multitudo,
1184 4203 1209 4260 ⁶·
1246 4202 1283 4273 in
1309 4199 1674 4333 quibus'rhetorioae
1695 4221 1905 4307 praecepta!
1972 4234 1977 4249 ·

300 4384 587 4403 ι--ο--σ-σ-ΟΩ-ὒ

386 4483 692 4548 connexum.
782 4485 976 4546 aaran.
1064 4483 1279 4547 sonan.-
1344 4448 1893 4551 tnmrssostnsoneuaa
2062 4533 2069 4541 .

497 4589 592 4648 balle
615 4590 732 4648 lavent
754 4587 787 4644 ll.
807 4583 837 4644 3.
924 4580 1106 4664 &Quintil
1125 4586 1266 4646 institut.
1290 4595 1368 4644 orat
1391 4585 1438 4646 ιιι
1462 4587 1501 4645 l.'
1619 4596 1623 4603 '

1249 4683 1297 4753 24
