4364 5536
953 488 1271 598 ··-54--Ι

152 797 161 809 .
289 709 428 784 versari
458 732 660 808 earumque
694 707 893 806 imaginem
925 711 1094 808 quamvis
1114 711 1215 781 ‘mire
1242 708 1424 782 detortam
1446 734 1671 813 proponere.
1685 714 1731 775 ²⁸·
1771 715 1897 813 Quae

290 854 408 931 quum
435 831 483 903 ita
509 833 597 921 sint,
641 857 719 904 non
744 827 918 929 indignus
945 827 1072 901 haberi
1096 827 1208 902 debet
1239 830 1466 927 pocta,·1cui
1498 855 1641 906 summa
1667 834 1747 909 laus
1770 851 1886 938 atque

290 954 397 1025 etiam
421 977 559 1025 corona
589 953 708 1026 civica
734 950 978 1056 tribueretur,
1017 947 1122 1049 quod
1155 948 1307 1049 quidem
1330 949 1548 1049 heronymus
1582 955 1630 1025 ita
1655 953 1891 1044 tradiditstt·

194 1110 201 1117 -
287 1066 430 1149 μάλιστα
449 1072 484 1133 δὲ
505 1072 642 1156 ἐπῃνέθη
664 1070 718 1144 καί
733 1066 882 1153 ἠγαπήθη
904 1067 965 1132 ὑπὸ
984 1071 1048 1130 ταῖν
1065 1070 1221 1130 πολιτῶν.
1242 1065 1352 1150 ἐπειδή
1375 1069 1410 1131 δὲ
1426 1067 1559 1134 ‹lctiroir
1578 1063 1697 1136 ἑαυτοῦ
1717 1073 1892 1157 δραμάτωι

289 1168 469 1238 ἐσπούδασε
488 1174 592 1249 δεῖξαι
612 1170 671 1254 τὴν
690 1176 755 1236 τῶν
773 1168 951 1255 'Atlpvar'oar
970 1165 1175 1230 πολιτείαν(
1150 1192 1195 1242 ως
1213 1169 1368 1255 ἐλευθέρα
1390 1173 1460 1235 τέ
1444 1173 1513 1236 eois
1539 1171 1593 1236 καί
1612 1173 1655 1237 ain
1657 1172 1818 1251 ὀυ’δενὸς
1837 1204 1894 1245 τα·

288 1273 405 1394 pcirrou
425 1277 716 1359 ὃουλαγωγουμὲνη,
740 1277 808 1338 ἀλλ’
826 1269 939 1338 ov’tN
920 1298 971 1336 οτι
992 1271 1222 1355 δημοκρατία
1207 1297 1285 1352 εστι,
1309 1298 1361 1336 και
1358 1270 1599 1398 ἐλεόθεαος
1571 1301 1616 1369 αι
1636 1275 1653 1339 o‘
1677 1279 1729 1358 dir
1730 1301 1790 1354 ιος
1797 1273 1893 1365 ἄρχει
1921 1330 1924 1336 ,

289 1372 416 1460 ἑαυτοῦ,
426 1375 540 1443 τούτου
550 1375 648 1462 χάριν
658 1379 796 1464 ἐπῃνέθη
808 1401 859 1439 και
857 1369 1082 1460 ἐστεφανώθη
1093 1379 1202 1438 tetta·
1193 1403 1200 1435 ι
1183 1373 1286 1464 τῆς
1276 1384 1366 1460 ιερᾶς
1375 1377 1510 1453 ἐλαίας
1468 1377 1537 1459 ,ὀς
1548 1375 1734 1460 νενόμισται
1745 1377 1894 1464 ἰσότιμος

286 1483 398 1580 pipern
420 1488 576 1578 στεφάνιι
596 1484 656 1554 Ex
676 1507 753 1619 quo
772 1495 903 1581 potest
911 1477 1084 1580 judicari,
1105 1496 1230 1554 utrum
1251 1486 1413 1556 narratio
1434 1481 1601 1583 ejusdem
1622 1488 1782 1560 auctoris
1803 1515 1893 1565 vera

287 1603 407 1680 videri
432 1607 559 1744 possit,
586 1632 632 1676 an
656 1605 792 1692 tainus,
819 1629 914 1701 quae
937 1604 986 1673 ita
1010 1616 1220 1702 comparata
1239 1617 1305 1676 est
1321 1604 1365 1660 ²⁶·
1391 1633 1474 1674 ουτω
1494 1612 1813 1702 δεγεγονιιηφημη
1832 1642 1892 1689 τοι

290 1746 434 1806 αοιητοιι,
453 1721 497 1796 ὥς
518 1721 572 1784 ιἰαἰ
593 1719 681 1802 παρὰ
701 1718 853 1804 Πέρσαις
862 1712 991 1800 διήκειν,
1013 1743 1065 1781 και
1084 1717 1140 1781 τὸν
1152 1720 1289 1799 ficoclae
1299 1720 1441 1802 Περσων
1455 1717 1696 1803 αυιθιινεσθαι,
1698 1749 1763 1811 noo
1757 1725 1893 1793 ’o‘nori-

290 1848 360 1906 ροις
382 1822 430 1909 εἴη
451 1849 468 1887 o
458 1815 726 1908 ‘annuntiante

387 2029 577 2129 Sequitur,
612 2039 653 2098 ut
681 2023 728 2097 de
754 2023 868 2097 altera
895 2028 1037 2100 ratione
1058 2027 1218 2117 dicatur,
1256 2055 1352 2128 quae
1377 2026 1594 2101 comoediae
1618 2032 1777 2103 maxime
1803 2055 1892 2130 pro·

290 2149 374 2249 pria
395 2144 519 2219 suerit.
569 2146 624 2217 Ea
648 2145 802 2247 quidem
826 2139 1048 2221 cernebatur
1081 2150 1119 2219 in
1153 2146 1369 2221 deridendis
1396 2147 1564 2244 tragicis;
1606 2172 1677 2221 nee
1701 2174 1791 2222 vero
1817 2153 1898 2225 exi·

288 2269 429 2340 stimari
450 2266 573 2357 dehet,
594 2269 697 2366 quasi
720 2266 861 2339 invidia
881 2267 1062 2367 compulsi
1086 2269 1220 2338 comici
1242 2291 1304 2339 eos
1325 2267 1508 2363 exagitare
1530 2262 1727 2340 voluerint.
1773 2269 1895 2346 causa

288 2390 388 2461 enim
412 2388 518 2461 aliter
542 2387 760 2486 explicanda
784 2403 895 2489 atque
921 2414 967 2460 ex
989 2389 1064 2459 vita
1088 2387 1241 2488 publica
1267 2384 1470 2486 repetenda
1496 2388 1577 2460 erit.
1626 2389 1766 2477 roasa,
1795 2416 1894 2491 quae

291 2507 338 2582 ad
357 2508 489 2609 populi
514 2509 709 2581 commoda
732 2512 884 2582 omnino
908 2536 945 2583 se
962 2509 1171 2610 applicabat
1197 2511 1396 2609 omniaque
1418 2507 1596 2609 fugiebat,
1619 2534 1717 2610 quae
1742 2537 1787 2585 eo
1816 2538 1892 2589 non
1946 2496 1949 2500 ⁵

290 2630 478 2731 pertinere
503 2628 742 2718 videbantur}¹
768 2628 874 2700 facile
899 2620 1057 2729 perduci
1069 2630 1209 2736 potuit,
1237 2643 1279 2700 ut
1300 2656 1353 2717 ea,
1381 2656 1477 2726 quae
1495 2629 1685 2704 subtiliter
1707 2630 1892 2731 disputata

174 2792 176 2799 ,
290 2764 411 2822 essent
428 2765 491 2821 aut
509 2751 617 2820 etiam
637 2749 732 2819 mira
750 2745 989 2832 haberentur,
1014 2743 1215 2817 derideret.
1268 2745 1446 2840 Quemvis
1466 2763 1589 2821 autem
1607 2750 1647 2844 in
1668 2749 1726 2822 his
1748 2753 1893 2825 ocoesio

289 2868 375 2942 data
399 2881 503 2956 esset,
539 2892 612 2964 qua
634 2863 772 2937 multus
799 2862 931 2961 populi
958 2865 1053 2938 risus
1079 2868 1314 2957 excitaretur,
1355 2868 1395 2941 id
1420 2867 1526 2969 quod
1550 2868 1706 2969 plurimi
1733 2873 1892 2947 comico·

261 3012 377 3061 rum
397 2987 512 3060 secuti
540 3011 617 3058 esse
643 2982 856 3057 vi'deanturt
883 2994 1005 3052 tamen
1031 2984 1073 3072 is,
1111 3012 1225 3084 quem
1250 3012 1434 3060 summum
1460 2987 1750 3081 essevolumus,
1782 2989 1891 3091 longo

291 3107 401 3182 aliam
423 3109 603 3181 rationem
622 3106 717 3178 inire
736 3128 814 3177 non
834 3102 1028 3194 dubitavit
1079 3103 1155 3186 Sed
1175 3108 1353 3206 quoniam
1373 3107 1447 3206 jam
1466 3136 1580 3211 supra
1601 3108 1649 3183 de
1671 3107 1892 3189 hac-Aristo-

214 3217 233 3309 J
291 3229 423 3332 phanis
445 3232 582 3302 virtute
609 3225 835 3327 disputatum
863 3240 929 3316 est,
963 3253 1044 3298 rem
1068 3229 1230 3328 attigisse
1253 3227 1421 3308 sufficiat
1472 3229 1508 3303 Is
1532 3229 1629 3301 enirn
1657 3252 1743 3311 cum
1771 3230 1893 3331 probe

289 3352 541 3442 intellexisset,
583 3349 704 3450 qualis
728 3375 817 3421 vera
844 3350 964 3449 poesis
992 3375 1068 3422 esse
1097 3349 1264 3440 deberet,
1304 3377 1475 3452 quaeque
1500 3349 1609 3423 saluti
1636 3351 1811 3448 publicae
1835 3377 1894 3426 ace

289 3470 622 3544 commodatissima
642 3483 745 3558 esset,
774 3472 896 3541 animo
919 3468 1191 3559 connitebatur,
1216 3485 1256 3542 ut
1280 3475 1403 3544 omnia
1427 3501 1481 3562 ea,
1509 3499 1605 3572 quae
1624 3469 1713 3545 inde
1735 3467 1895 3568 degene-

291 3595 419 3667 rararit
439 3606 550 3693 atque
574 3591 686 3664 vitam
707 3588 964 3688 quotidianam
989 3590 1228 3690 attingebant,
1255 3589 1415 3663 ridenda
1438 3604 1680 3692 proponeret.

388 3832 504 3927 Quod
524 3830 689 3933 denique
711 3831 863 3906 tertium
887 3835 926 3905 in
944 3833 1095 3933 antiqua
1119 3828 1311 3905 comoedia
1328 3830 1650 3946 inessevicleatur:
1675 3856 1820 3908 tumme
1840 3821 1893 3905 est

292 3951 440 4027 licentia
464 3956 644 4045 omnium,
681 3980 795 4054 quam
823 3953 900 4024 vini
931 3952 1071 4025 satietas
1103 3949 1250 4025 efficere
1283 3952 1416 4051 potuit.
1466 3952 1523 4026 Eo
1546 3951 1799 4027 revocandum
1826 3966 1892 4041 est,

291 4072 397 4174 quod
423 4073 608 4176 plerique,
642 4077 707 4173 qui
730 4074 803 4147 hoc
827 4074 914 4146 artis
943 4097 1060 4172 genus
1085 4070 1304 4158 tractabant,
1336 4070 1526 4171 'voluptate
1553 4071 1717 4171 quadam
1744 4072 1892 4160 irretiti,
1968 4069 1971 4078 ¹

290 4191 341 4267 ad
366 4219 514 4268 omnem
537 4193 816 4297 turpitudinem
841 4191 985 4292 delapsi
1012 4204 1107 4266 sunt
1160 4189 1209 4265 At
1232 4217 1324 4267 reio
1349 4219 1398 4266 ne
1424 4194 1508 4293 quis
1528 4192 1768 4296 Aristophani
1801 4194 1892 4268 sitio

376 4414 423 4537 64.
444 4474 498 4538 Fr.
515 4476 630 4538 Ritteri
655 4475 694 4538 de
715 4473 926 4558 Aristophanis
947 4473 1043 4534 Pluto
1073 4471 1227 4534 dissertat.
1259 4492 1328 4556 pag.
1347 4469 1377 4534 8.
1481 4474 1529 4536 25.
1548 4472 1640 4559 Apud
1659 4473 1804 4537 Dindorf,
1823 4494 1894 4558 pag,

490 4574 1013 4661 XVtxv11.2t.tbi‹tpug
1034 4576 1131 4639 xvn.
