4364 5536
932 457 1236 593 ..ῦὸ-,-

284 673 437 773 jicerem
461 696 578 772 pauca
603 668 650 743 de
676 665 758 741 lilio
786 667 1032 766 adolescente,
1067 675 1190 775 quatis
1222 672 1323 774 apud
1348 673 1564 753 Terentium
1595 676 1888 776 pingitur,ss‚nisi

286 809 501 883 metuerem,
544 816 592 863 ne
622 788 877 891 disputationis
906 791 1024 867 linem
1051 809 1088 868 et
1115 790 1271 866 modum
1298 798 1508 869 transirem.
1557 794 1620 875 Ad
1644 795 1735 897 haec
1762 814 1891 877 nmen

280 914 474 1019 dicantur,
504 914 618 987 talem
643 940 728 985 eum
753 912 927 1002 describi,
959 917 1025 1013 qui
1051 917 1224 1015 pietatem
1249 931 1371 1019 servet
1393 918 1433 989 in·
1457 931 1614 1017 patrem,
1646 917 1892 1013 fideliterat·

290 1061 363 1135 que
386 1035 607 1134 impotenter
631 1050 739 1126 amet,
771 1051 811 1109 ut
834 1036 973 1109 nullius
999 1036 1140 1109 consilii
1168 1062 1245 1111 esse
1269 1036 1454 1130 videatur,
1484 1038 1551 1113 sed
1576 1038 1750 1114 cordatus
1773 1041 1892 1143 majo-

288 1157 417 1258 risque
451 1156 578 1245 animi,
604 1171 645 1229 ut
671 1156 720 1230 ad
755 1156 907 1258 quidvis
944 1156 1065 1230 audax
1098 1160 1146 1232 sit
1178 1183 1222 1231 ae
1257 1161 1488 1250 temerarius,
1524 1160 1573 1234 ad
1607 1162 1818 1261 voluptates
1854 1152 1894 1239 et
1985 1228 1990 1235 .

289 1279 567 1378 protervitatem
586 1278 752 1377 pronior.
802 1276 957 1352 Accedit
977 1303 1248 1379 nonnunquam
1270 1305 1420 1375 morum
1441 1281 1656 1381 simplicitas
1677 1286 1892 1388 artiumque

292 1399 489 1501 imperitia,
515 1400 545 1472 si
573 1398 669 1479 lorte
695 1395 838 1497 juvenis
864 1399 944 1472 ruri
971 1396 1147 1474 educatus
1174 1399 1298 1500 fuerit
1361 1397 1475 1491 Quod
1501 1399 1602 1474 idem
1623 1428 1702 1477 non
1727 1409 1893 1507 pertinet

292 1519 340 1592 ad
361 1519 573 1593 Plautinum
596 1518 732 1617 lilium,
770 1516 875 1619 cujus
900 1519 1018 1619 imago
1043 1520 1265 1622 plerumque
1291 1522 1466 1620 exprimit
1485 1520 1765 1607 Atheniensium
1787 1522 1894 1625 juve*

291 1665 369 1728 nes,
395 1664 557 1739 quorum
581 1641 763 1739 appetitus
788 1642 921 1713 rationi
953 1665 1030 1712 non
1062 1631 1251 1730 obediant,
1276 1639 1342 1714 sed
1367 1641 1512 1740 longius
1537 1657 1739 1742 evagentur
1764 1650 1914 1747 neque'

293 1786 460 1861 unquam
484 1763 677 1835 scansilio
702 1763 940 1835 retineantur.
991 1760 1119 1862 Itaque
1141 1760 1505 1862 proponitur-lilius
1539 1789 1713 1839 amorum
1737 1768 1775 1839 vi
1804 1793 1891 1870 eap-

293 1896 365 1970 tus,
391 1905 662 1981 nonnunquam
687 1881 886 1983 desperans
920 1896 956 1956 et
979 1883 1129 1955 caritate
1154 1906 1356 1955 numorum
1378 1902 1541 1983 pressus,
1568 1912 1614 1959 ex
1645 1912 1722 1986 qua
1745 1912 1790 1961 eo
1815 1910 1892 1967 ma-

292 2001 390 2101 jores
415 2000 644 2075 difficultates
675 2003 767 2074 oriri
800 2002 932 2091 solent,
963 2027 1041 2103 quo
1063 2004 1207 2104 saepius
1228 2002 1424 2078 lenonibus
1450 2018 1486 2077 et
1510 2007 1768 2082 meretricibus
1789 2011 1894 2085 satis·

292 2122 376 2198 fieri
404 2121 524 2197 debet.
576 2125 814 2223 Conspicitur
851 2124 960 2196 etiam
999 2124 1037 2195 in
1065 2149 1108 2196 eo
1139 2123 1246 2197 rudis
1280 2122 1462 2224 quaedam
1498 2128 1632 2201 natura
1663 2152 1893 2229 morumque

293 2246 509 2319 immanitas.
560 2244 634 2318 Sed
660 2247 698 2318 in
728 2271 890 2333 servum,
916 2240 1020 2341 cujus
1047 2267 1159 2343 opera
1187 2246 1226 2316 in
1261 2243 1424 2316 consiliis
1450 2242 1688 2344 ementiendis
1718 2248 1771 2321 uti
1796 2272 1892 2347 con-

296 2365 423 2456 suerit,
449 2382 596 2465 gratum
621 2368 786 2438 animum
812 2363 972 2454 exhibet,
999 2378 1039 2436 ut
1063 2367 1142 2463 ipso
1168 2364 1336 2436 libertate
1363 2361 1504 2437 donare
1525 2362 1625 2455 velit.

1075 2605 1110 2676 4.

393 2852 468 2928 Sed
499 2851 572 2952 jam
604 2850 652 2925 ad
684 2849 867 2949 reliquam
897 2859 1046 2945 partem,
1074 2842 1284 2943 propositae
1315 2840 1575 2944 disputationis
1607 2860 1811 2953 pergamus,
1843 2862 1885 2921 ut

296 2972 438 3045 ostendi
458 2975 551 3042 ratio
575 2972 701 3071 possit,
727 2994 840 3067 quam
864 2989 983 3036 novae
1008 2963 1221 3037 comoediae
1244 2966 1443 3063 scriptores
1470 2967 1508 3037 in
1528 2954 1682 3047 aetionis
1699 2962 1810 3047 'musa
1833 2994 1888 3043 ρο.
1921 3022 1924 3026 ,

297 3094 370 3165 cuti
396 3090 601 3165 videantur.
655 3088 769 3184 Quod
799 3101 920 3160 antem
946 3087 1097 3159 omnino
1122 3086 1326 3174 statuimus,
1363 3085 1575 3163 adhibuisse
1600 3090 1725 3173 eos-in
1751 3089 1893 3177 actione

297 3190 333 3283 et
355 3209 577 3283 instituenda
597 3226 632 3284 et
655 3207 876 3312 explicanda
897 3206 1078 3308 majorem
1102 3223 1231 3297 artem,
1252 3234 1365 3307 quam
1382 3206 1549 3307 reliquos
1570 3204 1784 3297 comoediae
1806 3236 1894 3312 poe·
1932 3250 1938 3259 ·

295 3348 364 3406 tas:
388 3331 427 3406 id
450 3347 575 3432 aperte
599 3331 825 3431 intelligetur
851 3356 897 3403 ex
917 3333 981 3421 eis,
998 3357 1092 3432 quae
1109 3329 1283 3430 deinceps
1303 3328 1603 3430 disputabuntur.
1656 3329 1894 3434 Quamquam

298 3467 418 3526 autem
444 3453 482 3524 in
509 3467 685 3551 promptu
717 3467 783 3542 est,
823 3477 880 3524 eas
905 3470 1015 3552 saepe
1045 3476 1221 3550 personas
1255 3450 1293 3521 in
1324 3475 1471 3523 scenam
1502 3451 1700 3551 prodiisse,
1738 3479 1835 3555 quae
1860 3464 1896 3527 et

296 3574 388 3679 alitis
409 3573 497 3645 locis
523 3589 558 3646 et
577 3573 716 3646 artibus
741 3571 913 3646 adhibitis
940 3574 1044 3671 quasi
1066 3572 1365 3662 devolverentur,
1386 3587 1427 3646 ut
1450 3570 1499 3646 ad
1524 3575 1639 3674 ipsius
1658 3573 1812 3649 actionis
1831 3562 1896 3648 ex-

296 3695 535 3796 plicationem
560 3694 726 3796 nodique
753 3695 974 3769 solutionem
997 3693 1203 3794 plurimum
1229 3707 1396 3792 possent:
1422 3706 1544 3765 tamen
1570 3692 1795 3796 plerumque
1819 3707 1897 3768 tou

298 3819 392 3890 aetio
413 3816 523 3891 rebus
550 3845 596 3892 ex
618 3821 691 3891 vita
717 3817 904 3891 communi
929 3814 1104 3889 desumtis
1130 3793 1404 3900 continebatur,
1438 3812 1576 3910 quibus
1600 3838 1782 3915 personae
1808 3812 1925 3890 sub-'

299 3930 413 4041 jactae
439 3956 569 4031 essent,
603 3938 709 4043 cujus
736 3940 878 4040 generis
902 3953 989 4012 sunt
1011 3937 1201 4038 virginum
1225 3947 1354 4034 raptus
1380 3954 1584 4031 earumque
1609 3933 1768 4027 reditus,
1801 3948 1915 4040 artes·

259 4084 260 4088 ’
286 4085 508 4152 servorum,
530 4059 665 4160 quibus
689 4074 751 4132 aut
770 4062 963 4133 senex'aut
987 4058 1072 4131 leno
1096 4071 1159 4129 aut
1174 4054 1281 4128 miles
1307 4049 1524 4153 decipiatur.
1553 4053 1628 4128 Sed
1646 4080 1723 4130 non
1741 4057 1899 4158 aequie-

301 4202 388 4255 vere
417 4182 455 4254 in
475 4178 529 4253 his
554 4192 695 4278 poetae,
721 4179 785 4278 qui
813 4204 898 4251 cum
923 4180 991 4278 ipsi
1016 4178 1191 4280 perpoliti
1217 4187 1335 4248 essent
1360 4169 1488 4273 idque,
1516 4172 1623 4273 quod
1646 4175 1717 4249 sibi
1752 4174 1899 4278 propo-

301 4307 412 4378 situm
426 4316 529 4393 esset,
540 4298 635 4373 bene
651 4313 810 4390 nossent,
824 4322 949 4373 omnes
962 4324 1020 4372 res
1032 4299 1082 4370 ita
1094 4299 1337 4387 instituerent,
1354 4304 1395 4370 ut
1413 4295 1463 4368 ad
1475 4296 1654 4370 rationem
1669 4312 1704 4373 et
1722 4311 1901 4401 tanquam

303 4418 350 4519 ad
375 4435 491 4497 artem
522 4421 684 4495 directae
713 4419 946 4511 riderentur,
983 4444 1033 4491 ne
1064 4417 1204 4492 deesset
1236 4430 1298 4493 aut
1321 4417 1475 4489 varietas
1501 4416 1649 4508 actioni,
1687 4432 1749 4492 aut
1777 4432 1901 4494 certus

300 4540 447 4621 modus.
499 4541 741 4644 Quantopere
766 4556 888 4618 autem
908 4537 1152 4615 excelluerint
1176 4550 1306 4639 poetae
1329 4550 1364 4611 et
1387 4535 1534 4636 ingenio
1560 4552 1596 4612 et
1619 4532 1904 4617 rerum'bum'd·
1958 4522 1963 4527 ’
