4364 5536
311 726 445 803 autem,
456 733 567 821 quae
592 705 668 782 huc
690 705 912 808 pertineant,
937 703 977 778 in
998 706 1188 779 Ranarum
1210 702 1374 778 fabula
1364 704 1619 798 inveniuntur,
1646 709 1791 810 quippe
1816 735 1916 813 qum

309 845 468 934 propter
483 831 699 906 facetiarum
712 824 993 904 multitudinem
1006 827 1206 928 plurimam
1223 824 1373 899 ridendi
1391 829 1579 901 materiam
1596 830 1791 929 praebeat.
1815 830 1916 910 Vide

307 957 409 1030 inter
431 953 504 1027 alia
528 979 581 1042 ea,
599 978 694 1052 quae
720 949 952 1050 colloquium
979 971 1066 1023 cum
1089 959 1238 1018 mortuo
1265 943 1429 1045 quodam
1454 951 1645 1048 continent
1669 949 1729 1025 ad
1733 932 1944 1054 sepeliens

307 1073 402 1150 dum
425 1087 631 1148 transvecto
639 1069 707 1165 ‚4²
735 1069 866 1144 eadem
889 1070 983 1142 ratio
1011 1084 1064 1142 est
1088 1093 1219 1140 eorum
1243 1093 1431 1157 versuum,
1461 1042 1599 1167 quibus
1623 1066 1762 1144 Aeacus
1792 1087 1915 1154 ostem
1918 1052 1932 1118 .'
1995 1133 1998 1137 -

308 1187 413 1268 ditur
426 1194 680 1294 quaestionem
694 1194 900 1281 instituens,
917 1205 1001 1263 uter
1014 1187 1106 1262 deus
1119 1184 1310 1259 habendus
1324 1188 1382 1275 sit,
1397 1185 1584 1286 Dionysus
1600 1215 1647 1259 an
1660 1187 1912 1268 Xanthiam.

284 1309 383 1401 ¹Nec
407 1315 530 1387 minus
552 1311 748 1386 miraberis
767 1327 898 1412 poetae
924 1314 1127 1411 ingenium,
1155 1332 1231 1408 quo
1258 1330 1454 1378 servorum
1476 1305 1619 1380 inducit
1636 1334 1839 1404 sermones,
1863 1316 1914 1393 ad

305 1437 415 1512 sortis
440 1430 721 1509 delectationem
747 1437 1038 1535 compositoslt.
1089 1432 1156 1501 His
1183 1426 1280 1500 addo
1304 1426 1642 1503 Ecclesiazusarum
1667 1431 1806 1526 locum,
1842 1438 1911 1512 ubi

305 1557 516 1655 Praxagora
548 1554 702 1628 feminas
729 1557 860 1628 eximia
887 1552 998 1628 laude
1031 1561 1151 1639 ornat,
1188 1562 1387 1649 propteroa
1420 1548 1525 1649 quod
1556 1550 1781 1630 admirabili*
1795 1559 1908 1637 animi

305 1679 506 1754 constantia
534 1675 725 1752 excellant.
737 1674 785 1734 ⁴⁵·
880 1690 883 1695 ’
1979 1675 1982 1679 ’

401 1922 476 2000 Sed
493 1950 540 1996 ne
560 1920 875 2024 praetermittatur
898 1921 1116 2020 quicquam,
1150 1919 1255 2020 quod
1278 1923 1451 2023 antiquae
1472 1917 1685 2016 comoediae
1705 1925 1909 2023 proprium

301 2044 361 2134 sit,
390 2041 644 2143 adjiciendum
668 2057 722 2116 est
751 2040 793 2116 id
815 2042 1080 2115 sententiarum
1102 2066 1231 2140 genus,
1273 2041 1377 2142 quod
1403 2045 1443 2114 in
1469 2067 1612 2115 summa
1635 2041 1841 2141 petulantia
1864 2069 1910 2120 ac

300 2160 450 2236 ridendi
472 2161 621 2236 lascivia
641 2176 823 2250 versatur,
851 2158 1030 2260 q'uodque
1058 2163 1182 2233 omnia
1202 2161 1397 2236 honestatis
1424 2180 1459 2237 et
1483 2162 1639 2263 pudoris
1666 2162 1823 2238 claustra
1848 2167 1906 2239 vi·

300 2277 412 2357 detur
434 2282 682 2384 perfringere,
710 2296 752 2352 ut
776 2281 847 2353 nisi
872 2297 1041 2381 tempore
1065 2308 1132 2357 suo
1155 2283 1319 2356 excusari
1344 2305 1420 2352 non
1440 2284 1567 2382 possit.
1618 2283 1694 2355 Nec
1712 2306 1801 2354 vero
1826 2281 1904 2358 dif-

219 2419 222 2421 ’
299 2398 397 2475 ficile
423 2403 494 2474 erit
516 2401 565 2474 ad
587 2399 863 2500 explicandum,
889 2401 985 2501 quid
1011 2401 1057 2475 de
1082 2427 1125 2474 eo
1148 2399 1424 2501 judicemus,
1397 2427 1425 2473 si
1453 2398 1773 2503 perpenderimus,
1798 2402 1905 2478 illam
1963 2398 1979 2412 ’

299 2520 553 2596 comoediam
544 2523 746 2594 institutam
759 2518 885 2612 fuisse,
904 2535 946 2594 ut
958 2519 1108 2594 festis
1075 2547 1154 2620 equs
1168 2519 1228 2593 dei
1245 2518 1378 2594 diebus
1393 2537 1581 2621 ageretur,
1596 2549 1707 2623 quem
1721 2550 1827 2635 quast
1816 2524 1905 2602 di.
1947 2592 1953 2602 ,

297 2646 386 2717 rino
399 2645 536 2744 spiritu
550 2632 717 2715 homiues
733 2642 861 2716 inflare
877 2657 1051 2743 putarent
1067 2657 1179 2741 atque
1195 2640 1350 2714 ludicris
1362 2641 1558 2714 oblectare
1592 2639 1729 2736 Quare
1733 2641 1814 2720 fieri
1830 2672 1903 2749 po·

295 2768 380 2854 tuit,
406 2779 449 2836 ut
464 2766 554 2863 ipsa
565 2760 770 2851 comoedia,
784 2762 833 2834 ad
851 2763 933 2835 festi
955 2776 1124 2834 naturam
1144 2762 1429 2851 accommodata,
1455 2776 1633 2862 tanquam
1646 2767 1904 2872 crapulaquo·

296 2884 381 2989 dam
403 2886 484 2982 capi
504 2881 708 2970 videretur,
734 2881 775 2953 id
797 2883 902 2980 quod
927 2883 974 2955 ad
994 2882 1173 2982 plurimas
1191 2880 1450 2982 Aristophanis
1469 2882 1614 2959 fabulas
1631 2913 1781 2988 easque,
1805 2915 1903 2992 quae

295 3005 540 3103 reliquorum·
562 3016 760 3102 poetarum
791 3015 889 3091 sunt,
922 3003 1111 3101 pertinere
1137 3019 1420 3077 consentaneum
1449 3020 1511 3078 est.
1564 3006 1665 3079 Haec
1692 3022 1820 3087 autem
1842 3038 1902 3086 ra·
1980 3050 1985 3059 ·

293 3128 346 3200 tio
371 3151 520 3199 omnem
544 3121 733 3197 licentiam
756 3124 952 3197 excusabat
974 3125 1298 3227 permittebatque,
1325 3141 1367 3198 ut
1387 3125 1516 3215 multa,
1543 3129 1712 3227 quamvis
1732 3157 1901 3231 praeme·
1935 3229 1938 3232 ἡ

293 3246 406 3354 ditata
432 3261 562 3337 essent,
598 3260 721 3319 tamen
752 3272 838 3321 casu
864 3246 987 3320 oblata
1011 3244 1231 3320 riderentur
1264 3261 1301 3320 et
1333 3243 1460 3343 lepide
1488 3243 1598 3337 dicta,
1638 3275 1734 3349 quae
1758 3269 1901 3354 puncto

225 3452 227 3456 Α
291 3371 471 3472 temporis
492 3384 597 3443 enata
615 3381 743 3440 essent.
794 3370 889 3440 Sunt
907 3382 1028 3439 autem
1048 3365 1148 3438 illius
1168 3368 1326 3465 generis,
1352 3364 1456 3465 quod
1477 3368 1515 3439 in
1533 3366 1715 3445 hilaritate
1735 3375 1897 3476 positum
1989 3424 1992 3429 -

293 3507 359 3582 est,
386 3490 497 3592 plura
518 3488 699 3588 exempla,
727 3510 891 3586 quorum
909 3483 1021 3556 habes
1048 3484 1195 3555 initium
1212 3487 1447 3587 Lysistratae,
1475 3487 1581 3588 quod
1604 3488 1759 3567 feminas
1778 3509 1898 3568 osten-

196 3645 198 3650 ·
291 3611 348 3687 dit
366 3611 415 3686 ad
433 3637 532 3685 aram
554 3604 810 3684 sacrificantes.
861 3603 1264 3706 Thesmophoriazusae
1285 3608 1422 3683 deinde
1441 3608 1617 3685 exhibent
1634 3627 1788 3689 matrem
1810 3642 1899 3692 cum
1956 3647 1960 3653 ’

290 3732 417 3836 prole,
449 3759 545 3834 quae
563 3729 659 3803 nihil
678 3723 782 3799 aliud
797 3721 990 3824 significat,
1017 3730 1089 3800 nisi
1108 3742 1230 3803 utrem
1253 3733 1341 3803 vino
1363 3730 1564 3830 repletum3
1591 3732 1630 3802 in
1653 3733 1740 3832 ipsis
1757 3734 1899 3819 thar·
2017 3834 2021 3839 1

266 3854 469 3935 nensibus
494 3856 595 3953 pacis
622 3849 664 3924 fit
686 3845 899 3949 periculum
921 3847 992 3920 sub
1016 3851 1139 3948 specie
1163 3853 1255 3944 vini,
1280 3850 1402 3925 habita
1424 3854 1604 3954 temporis
1630 3855 1785 3927 ratione.
1835 3855 1911 3931 Ex·

291 4001 370 4079 quo
398 3972 558 4076 judicari
585 3986 719 4073 potest,
745 3995 859 4071 quam
883 3970 1060 4069 proclivis
1085 3972 1200 4047 fuerit
1225 3974 1375 4072 antiqua
1401 3973 1595 4066 comoedia
1619 3973 1668 4048 ad
1686 3977 1896 4076 asperiores

286 4097 432 4173 facetias
466 4091 741 4193 cavillandique
766 4091 977 4182 libidinem,
1018 4118 1093 4191 qua
1124 4093 1262 4164 nemini
1298 4118 1453 4191 parcere
1481 4094 1604 4169 vellet.
1670 4095 1746 4171 Sed
1770 4111 1894 4175 tamen

291 4219 455 4320 ignorari
479 4221 520 4289 in
541 4216 596 4290 his
618 4238 696 4288 non
719 4210 844 4306 debet,
879 4228 1058 4318 quantum
1075 4213 1197 4289 laudis
1211 4212 1449 4314 Aristophani
1475 4215 1722 4294 tribuendum
1737 4220 1798 4312 sit,
1814 4223 1892 4325 'qui

290 4389 575 4414 -1-——1——an

362 4516 416 4579 ta.
435 4519 513 4582 Rau.
535 4540 565 4579 v.
579 4519 647 4588 173.
660 4543 744 4606 seqq.
832 4517 880 4580 ⁴³.
900 4516 979 4583 lbid.
998 4537 1027 4579 v.
1046 4509 1116 4578 605.
1127 4535 1211 4598 seqq
1296 4511 1344 4574 ⁴4
1364 4514 1442 4587 lbid.
1463 4536 1493 4580 ι.
1507 4514 1578 4581 738.
1595 4540 1680 4606 seqq.
1765 4524 1814 4589 to.
1830 4524 1895 4591 Eo.

481 4623 601 4688 clesiaa.
621 4646 650 4694 ι.
670 4619 739 4688 214.
762 4641 845 4705 seqq
1148 4660 1150 4663 ·
1548 4670 1551 4675 -
