4364 5536
893 448 1295 600 ,-25...'

283 729 469 804 sissima
495 727 713 838 quaeque
732 722 837 795 sive
860 724 1201 830 praemeditato
1221 728 1321 822 sire
1346 742 1554 830 extempo
1636 752 1886 812 sermone

285 851 446 924 effutii
457 875 536 921 sse.
563 841 667 938 Quid
679 841 830 917 tandem
846 843 934 917 inde
949 861 1140 945 sequatur,
1149 872 1178 919 ει
1194 848 1385 946 cognitum
1397 848 1467 923 sihi
1481 725 1844 938 ΐιιειξὶιιιιίιιιιΗ
1786 850 1887 949 prio

220 963 232 973 ’
285 996 347 1044 eos
361 969 500 1043 Atticos
516 965 669 1040 eandem
681 967 875 1059 rationem,
898 995 1012 1068 qnam
1026 969 1301 1068 Megarensium
1315 986 1445 1071 poetae
1465 967 1733 1054 adhibuerint?
1751 971 1882 1060 Nonne

284 1090 510 1192 persuadere
523 1089 590 1161 tibi
607 1087 714 1183 velis,
728 1089 947 1187 expressisse
966 1084 1240 1161 illosimitando
1256 1114 1311 1178 ea,
1330 1115 1425 1188 quac
1439 1088 1718 1189 Megaricorum
1734 1068 1897 1176 essentl

271 1190 458 1290 *Profecto
481 1213 529 1283 ita
550 1224 613 1282 est.
640 1204 766 1300 'Quod
789 1231 864 1305 quo
885 1209 1000 1307 magis
1026 1207 1181 1309 intelligi
1204 1213 1331 1309 possit,
1351 1220 1428 1282 non
1448 1210 1610 1285 aliorum
1630 1236 1725 1312 opus
1742 1189 1813 1284 erit
1826 1210 1884 1310 ju·⁴

289 1329 402 1419 dicio,
426 1331 496 1402 nisi
517 1324 770 1435 Ecphantidae
793 1325 975 1415 versibus,
999 1352 1092 1426 quos
1113 1331 1163 1401 ita
1182 1329 1364 1431 disposuit
1383 1334 1444 1405 vir
1464 1331 1752 1414 doctissimuszl·
1773 1344 1886 1422 Meye-
1992 1424 1994 1430 A

288 1449 383 1540 θῑκῆς-
397 1451 564 1542 κωμῳδίας
582 1451 673 1541 ᾆσμα
694 1452 798 1535 dt'etu'.
811 1450 1056 1540 ’ᾐσχυνόμηντὸ
1081 1456 1189 1541 δρᾶμα
1213 1430 1400 1543 Μεγαρικὸν
1420 1468 1532 1539 ποιεῖν,
1557 1467 1677 1552 ,atque
1704 1451 1887 1546 interpre-

287 1583 381 1641 tatus
408 1583 475 1641 cst:
512 1567 622 1640 nolo
649 1566 1004 1676 spectatoribus
1031 1567 1257 1643 molestus
1287 1596 1386 1644 esse
1412 1571 1681 1669 Megaricae
1706 1591 1886 1651 comoe·
1976 1554 1978 1559 ¹

290 1688 394 1761 diae
420 1690 622 1783 carmine
643 1688 905 1780 recitando;
933 1688 1073 1788 pudet
1101 1692 1221 1765 enim
1242 1690 1454 1793 fabulam
1474 1684 1887 1788 meam-insipidis,

291 1807 830 1909 qualesMegarensium
850 1823 1098 1907 poetarum
1120 1824 1250 1901 sunt,
1275 1807 1394 1910 jo‘eis
1420 1809 1725 1911 adspergere.
1765 1805 1887 1904 Atque
1980 1820 1985 1830 '

291 1931 400 2000 etiam
423 1941 536 1999 aetate
562 1953 615 2016 ea,
642 1936 717 2025 qua
742 1951 828 2006 cum
853 1930 1012 2028 optimae
1035 1929 1192 2021 litterae,
1217 1945 1299 2004 tum
1322 1945 1416 2003 artes
1441 1929 1490 2003 ad
1513 1917 1712 2029 elegantiae
1739 1925 1889 2000 laudem

232 2028 238 2035 ¹
292 2061 554 2149 pervenerunt,
587 2072 664 2118 non
683 2048 796 2122 modo
815 2050 983 2150 probata,
1019 2076 1151 2122 verum
1174 2053 1282 2124 etiam
1303 2067 1419 2126 amata
1435 2053 1717 2152 Megaricorum
1742 2043 1888 2131 ludicra

263 2217 266 2220 >
293 2181 369 2242 esse'
387 2167 669 2270 perhibentur,
663 2168 713 2242 id
734 2170 851 2271 quod,
877 2199 923 2244 ne
945 2173 1030 2272 quis
1050 2171 1343 2262 velitadmirari,
1370 2173 1509 2272 poterit
1525 2169 1787 2319 Aristophanis
1807 2190 1888 2238 ver·

293 2287 397 2361 sibus
423 2283 651 2362 confirmari:
663 2288 689 2347 θ·

686 2408 786 2489 μηδὲν
803 2411 869 2495 παρ’
888 2411 978 2494 ἡμῶν
990 2413 1172 2497 προσδοκᾶν
1192 2408 1263 2476 λίαν
1281 2416 1372 2496 μέγα,

687 2509 767 2587 μηδ’
789 2504 830 2571 ud
849 2515 970 2592 γέλωτα
990 2513 1185 2600 Μεγαρόθεν
1204 2517 1422 2595 κεκλεμμένον.

294 2637 379 2709 Jam
398 2622 488 2706 vero
518 2632 565 2705 de
589 2656 633 2703 eo
661 2631 787 2739 dicere
806 2638 1032 2732 suscipiam,
1042 2641 1107 2736 qui
1130 2635 1265 2736 ingenii
1289 2642 1408 2739 gloria
1431 2655 1548 2711 artem
1570 2640 1618 2708 ita
1639 2635 1835 2709 emendare
1856 2596 1892 2707 et

239 2754 242 2759 ’
299 2752 470 2828 excolere
495 2753 629 2852 potuit,
670 2765 711 2821 ut
729 2751 937 2824 Atticorum
962 2754 1175 2852 exemplum
1197 2756 1336 2830 fieret
1328 2761 1528 2841 imitatione
1554 2756 1844 2856 dignissimum,
1861 2754 1893 2836 si
1949 2754 1956 2768 “

297 2876 402 2977 prius
426 2887 585 2972 tempus,
619 2893 696 2969 quo
719 2869 993 2968 Megarensium
1017 2872 1209 2948 comoedia
1228 2875 1367 2968 floruit,
1413 2879 1539 2979 paucis
1560 2877 1726 2977 attigero.
1765 2868 1894 2971 Quod
2003 2898 2006 2906 ’

300 2993 456 3096 quidem
481 2994 670 3065 instituere
690 3016 835 3062 necesse
856 2993 927 3063 erit
950 3007 1106 3092 propter
1125 3021 1179 3083 ea,
1207 3021 1316 3096 quae
1327 2997 1503 3100 deinceps
1519 3012 1745 3097 se.quuntur
1780 2995 1894 3094 Eru-

300 3115 368 3190 diti
394 3128 513 3186 autern
533 3110 712 3202 homines,
739 3115 805 3212 qui
833 3138 890 3185 res
914 3113 1117 3225 Megaricus
1140 3095 1318 3215 singulari
1343 3119 1467 3193 studio
1493 3120 1677 3220 persecuti
1700 3130 1798 3204 sunt,
1821 3128 1894 3186 tra-

301 3235 391 3311 dere
415 3251 492 3307 non
518 3233 737 3323 dubitant,
728 3261 767 3305 ιιι
791 3230 1036 3306 monumentis
1062 3261 1189 3307 earum
1214 3234 1271 3309 bis
1292 3238 1491 3336 significari
1510 3252 1669 3337 tempus,
1696 3260 1774 3336 quo
1798 3257 1895 3306 sum·

300 3383 360 3429 ma
386 3355 538 3449 civitatis
564 3378 676 3452 penes
696 3352 881 3450 populum
906 3351 1029 3427 fuerit.
1080 3355 1215 3430 Incidit
1239 3370 1360 3461 autem
1381 3356 1528 3457 duplex¹
1546 3354 1645 3442 illud
1669 3368 1816 3453 tempus
1840 3353 1898 3432 ine

301 3478 359 3550 ter
389 3473 539 3575 Olymp.
567 3472 681 3583 XLII.
722 3489 758 3546 et
784 3471 933 3576 Olymp.
960 3472 1189 3567 LXXXIX,
1229 3476 1582 3577 quare-investigari
1608 3471 1732 3560 debet,
1772 3483 1899 3569 utrum

224 3696 229 3702 .
305 3596 438 3699 populi
467 3597 666 3694 imperium
690 3590 917 3682 Aristoteles,
941 3622 1051 3694 quem
1078 3624 1194 3698 supra
1216 3597 1264 3670 de
1286 3596 1411 3671 eadem
1433 3624 1474 3670 re
1499 3596 1745 3694 disputantem
1772 3586 1898 3661 lauda-

292 3716 438 3806 ‘.vi'mus,
462 3716 603 3790 uerbis:
622 3716 647 3773 7.
681 3724 725 3799 ὥς
743 3723 797 3788 ἐπὶ
812 3727 869 3807 τῆς
889 3724 956 3809 παρ’
975 3725 1083 3799 αὐτοῖς
1105 3713 1319 3810 δημόκρατίας
1335 3721 1530 3809 γενομένης.
1549 3711 1896 3816 intelligiroluerit
1940 3808 1945 3813 ι
2013 3727 2016 3734 ’

306 3835 382 3913 Sed
407 3821 496 3909 nolo
525 3860 600 3927 esse
625 3832 788 3931 longior,
823 3859 935 3933 quam
963 3837 1218 3924 necesse-erit,
1256 3831 1900 3935 quandoquidem2>llleinehius3rem

300 3961 360 4034 ita'
377 3957 539 4046 diremit,
559 3969 601 4028 ut
624 3946 810 4041 statueret,
831 3976 909 4024 eam
929 3951 1048 4051 plebis
1070 3952 1358 4030 dominationem
1382 3950 1796 4055 intelligi,‘quae.brevi
1815 3961 1915 4047 post

307 4078 505 4179 expulsum
536 4074 768 4173 Theagenem
808 4069 959 4172 Olymp.
984 4073 1114 4147 me.
1143 4076 1203 4149 vel
1234 4073 1361 4147 XLIV.
1397 4074 1558 4174 Megaris
1575 4165 1577 4167 Ι
1594 4076 1757 4147 instituta
1792 4070 1849 4142 sit.
1871 4063 1903 4127 8·

307 4198 403 4273 Mihi
430 4194 664 4335 autemhaee
687 4194 805 4266 oratio
833 4209 1002 4295 suscepta
1017 4220 1094 4269 non
1120 4193 1167 4269 de
1190 4193 1326 4270 fabulis
1355 4208 1420 4286 est,
1447 4221 1543 4296 quae
1565 4184 1903 4333 Nisaeae'cxeultae
2004 4257 2006 4260 Α

319 4400 599 4418 w

400 4525 426 4584 5.
446 4521 491 4588 ld
514 4518 594 4582 lbid.
615 4542 685 4605 pag.
704 4521 734 4585 5.
848 4521 875 4582 8.
895 4518 991 4602 Vesp.
1010 4542 1041 4584 v.
1064 4517 1115 4583 57.
1134 4541 1197 4604 seq.
1292 4524 1329 4583 7.
1349 4524 1406 4585 Ars
1426 4533 1511 4608 poet.
1529 4523 1577 4599 ΙΙΙ,
1597 4517 1663 4581 5.
1698 4452 1766 4573 8.
1770 4439 1907 4590 Quaest.

410 4690 414 4695 ,
512 4645 594 4686 scen.
616 4624 742 4707 specim.
764 4623 784 4683 1.
806 4643 874 4704 pag.
892 4619 922 4683 3
939 4619 971 4683 4.
1649 4657 1652 4660 >

1596 4662 1598 4670 ,
1674 4657 1677 4664 .

1403 4683 1407 4690 »
1512 4681 1527 4689 .ι
1556 4670 1612 4699 ι”ιι
1662 4667 1697 4688 Ιι-
