4364 5536
969 423 1449 578 ...gg-*i

299 714 361 801 sit.
391 704 556 784 -Videor
574 710 688 811 igitur
710 705 782 780 hoc
806 726 984 806 ego'meo
1001 703 1092 777 mihi
1113 701 1197 804 jure
1220 726 1381 793 sumere,
1408 717 1451 776 ut
1469 699 1604 796 dicam,
1627 709 1800 808 antiquos
1815 707 1910 786 Aui-

306 856 369 906 eos
391 831 567 905 admirari
589 847 699 931 atque
723 830 830 903 etiam
844 818 1111 926 Epicharmum
1129 826 1234 925 sequi
1257 823 1776 937 voluisse;·'idque·eo·magis
1801 831 1911 905 intel·

225 1022 227 1026 a
260 1014 262 1018 .
306 954 448 1054 ligitur,
492 954 599 1054 quod
623 941 850 1054 paulopost
876 947 955 1049 ejus
978 962 1153 1045 tempora·
1177 948 1274 1016 inter
1298 943 1539 1018 Athenienses
1566 948 1794 1039 exstiterunt,
1838 955 1907 1052 qui

303 1073 416 1174 justas
442 1074 585 1147 fabulas
612 1070 800 1144 docerent.
852 1064 918 1144 Sin
942 1054 1063 1158 erunt,
1090 1069 1157 1167 qui
1184 1068 1319 1140 arctius
1344 1081 1546 1168 utrumque
1566 1070 1810 1169 populum’in
1834 1072 1907 1149 hoe

242 1248 245 1252 -
303 1194 439 1295 genere
464 1193 633 1293 junctum
657 1189 827 1279 habeant,
850 1179 1172 1288 major-quaedam
1190 1210 1283 1257 cura
1300 1176 1511 1261 adhibenda
1536 1205 1600 1263 est.
1650 1193 1779 1294 Neque
1807 1195 1908 1279 enim

302 1316 380 1387 ulla
401 1322 440 1387 in
466 1341 507 1386 re
536 1312 683 1411 longius
709 1309 883 1383 absumus
904 1337 925 1381 a
945 1310 1110 1397 veritate,
1141 1332 1255 1407 quam
1278 1309 1450 1408 si'aequo
1476 1310 1563 1411 plus
1587 1310 1814 1411 Epicharmo
1840 1315 1906 1389 tri-

301 1434 478 1531 buamus;
504 1457 621 1533 quare
644 1431 810 1502 assentiri
833 1428 952 1508 nolim
975 1430 1022 1517 ei,
1043 1427 1108 1525 qui
1136 1426 1416 1527 istum-poetam
1439 1446 1618 1533 tanquam
1635 1433 1791 1506 labrum
1810 1449 1905 1509 cato·-

300 1556 370 1627 na'e
388 1554 475 1626 fecit
493 1581 535 1627 ac
554 1543 777 1655 primarium
797 1549 992 1639 annulum,
1012 1571 1108 1646 quae
1128 1546 1304 1623 Doricam
1321 1554 1553 1634 comoediam
1572 1580 1656 1627 cum
1677 1545 1902 1631 Attica‘coh·
1963 1616 1974 1655 3

295 1668 471 1748 necteret
488 1676 512 1733 ⁷·
552 1671 668 1768 Quod
689 1674 718 1744 si
746 1686 956 1760 statuamus,
988 1669 1096 1742 facile
1122 1669 1381 1770 perducimur,
1421 1689 1463 1748 ut
1498 1678 1607 1750 etlam
1636 1684 1775 1777 parem
1793 1704 1902 1780 argu·

295 1800 411 1870 menti
433 1798 614 1869 rationem
631 1806 822 1893 putemus;
849 1816 927 1892 quo
950 1788 1106 1890 quidem
1121 1789 1220 1863 nihil
1241 1794 1355 1892 magis
1373 1797 1526 1898 utrique
1545 1800 1671 1898 generi
1691 1801 1811 1898 possit
1823 1795 1900 1873 esse

240 2006 243 2011 ἕ
298 1916 470 1990 alienum.
521 1902 748 1986 llludenim
772 1900 979 2002 vinculum,
1006 1912 1113 2014 quod
1137 1939 1246 2013 saepe
1270 1913 1449 2015 dicimus,·
1468 1918 1507 1988 in
1532 1941 1577 1989 eo
1591 1920 1770 2007 cernitur,
1796 1917 1902 2019 quod
2001 1908 2010 1918 ⁸

296 2051 427 2136 poetae
451 2034 661 2108 Atticorum
684 2033 731 2106 ad
753 2031 968 2135 Epicharmi
996 2032 1208 2133 exemplum
1232 2033 1376 2110 fabulas
1402 2017 1645 2113 conformare.
1661 2039 1899 2131 studuerunt,

297 2154 478 2257 quodque
501 2153 605 2258 jungi
629 2154 819 2246 videntur,
865 2154 905 2227 id
924 2155 1083 2227 maxime
1108 2153 1230 2230 efficit.
1282 2157 1339 2231 Eo
1366 2157 1465 2229 enim
1489 2155 1729 2231 referendum
1750 2163 1900 2260 potissi-

295 2302 397 2358 mum
424 2291 489 2367 est,
521 2276 626 2377 quod
651 2278 715 2352 ille
740 2276 850 2379 poeta
875 2278 1042 2377 primum
1064 2274 1190 2357 locum
1212 2274 1337 2368 tenet,
1359 2273 1434 2375 uhi¹
1452 2289 1592 2350 veteres
1611 2277 1721 2352 Attici
1747 2307 1900 2354 enume-

296 2390 440 2488 rantur,
451 2397 477 2455 8.
498 2425 621 2499 neque
638 2399 745 2474 aliter
761 2399 916 2501 intelligi
931 2393 1139 2473 Aristotelis
1157 2392 1274 2472 rerba
1287 2410 1455 2499 possunt,
1477 2422 1579 2496 quae¹
1589 2386 1639 2470 ita
1653 2394 1845 2496 leguntur:
1870 2381 1898 2460 9·
1971 2472 1977 2479 ,

267 2501 270 2506 ’
295 2520 354 2580 τοῦ
371 2517 405 2580 δὲ
422 2512 531 2598 priter
544 2500 648 2583 κομεῖν
661 2518 852 2605 Ἐπίχαρμος
872 2515 927 2580 καὶ
948 2512 1075 2599 Φόρμις
1088 2510 1207 2601 ἦρξαν.
1226 2513 1262 2580 τό
1282 2517 1343 2598 μὲν
1357 2509 1414 2578 οὖν
1435 2502 1585 2598 ἔξᾶρχῆς
1597 2517 1632 2579 ἑκ
1645 2515 1791 2592 Σικελίας
1807 2511 1900 2601 ἦλθε.

293 2624 466 2726 Denique
490 2626 519 2697 si
545 2624 643 2697 idem
667 2619 912 2726 philosophus
938 2623 1029 2701 alibi
1044 2625 1184 2729 tradit:
1199 2626 1244 2682 ¹⁰·
1267 2633 1390 2696 ἐκεῖθεν
1414 2625 1475 2711 γὰρ
1500 2621 1541 2709 ἧν
1560 2624 1746 2710 Ἐπίχαρμος
1766 2629 1783 2694 ὅ
1805 2656 1899 2717 ποιη-

292 2749 359 2838 τῆς,
381 2757 487 2841 πολλῷ
503 2748 659 2834 πρότερος
680 2743 726 2845 oie
745 2745 909 2809 thvt'dov
941 2749 996 2811 καί
1014 2743 1197 2826 Μάγνητος,
1219 2761 1345 2836 nonne
1370 2763 1417 2808 ex
1442 2738 1701 2843 comparandis
1726 2738 1782 2827 llis
1807 2768 1927 2845 P9⁰·'
1980 2730 1984 2737 ¹

293 2869 339 2940 tis
365 2881 464 2939 recte
489 2862 691 2961 colligitur,
732 2858 909 2957 cogitasse
935 2881 1020 2928 eum
1045 2855 1093 2929 de
1117 2855 1286 2958 quodam
1310 2880 1443 2929 eorum
1466 2882 1580 2948 nexu,
1621 2883 1698 2958 quo
1729 2860 1824 2936 alter
1849 2892 1897 2949 ex

287 2974 409 3058 'altero
431 2974 599 3083 pendere
622 2968 821 3052 videatur?
869 2975 913 3048 In
934 3000 1011 3077 quo
1032 2973 1322 3076 ponderandum
1344 2962 1408 3068 est,
1448 2992 1577 3065 utrum
1600 2978 1700 3055 recte
1722 2978 1892 3082 judicare

287 3082 495 3209 potuerint,
527 3129 574 3174 an
607 3123 685 3172 non
715 3097 922 3201 potuerint,
959 3095 1024 3196 qui
1051 3090 1226 3170 Chionidi
1251 3093 1367 3196 justae
1391 3092 1603 3173 comoediae
1625 3104 1806 3180 rationem
1827 3109 1896 3182 tri·
1948 3084 1953 3093 .

283 3220 466 3301 buerunt.
481 3223 525 3281 ¹¹2
576 3220 756 3323 Quisquis
783 3234 904 3292 autem
930 3219 1013 3308 crit,
1048 3215 1087 3288 ih
1111 3242 1188 3320 quo
1214 3218 1383 3293 imitandi
1406 3223 1558 3324 vestigia
1574 3226 1703 3324 prima
1730 3211 1921 3305 animad-⁸

284 3346 437 3445 {vertere
460 3341 569 3419 nobis
593 3338 806 3449 videamur:
833 3335 874 3412 id
898 3336 1051 3439 quidem
1077 3364 1156 3412 non
1182 3355 1235 3413 est
1259 3325 1525 3433 dubitandum,
1543 3345 1637 3443 quin
1658 3342 1784 3421 Crates
1802 3346 1893 3450 Epi·

286 3462 430 3565 charmi
462 3459 674 3560 exemplum
700 3461 749 3531 ita
779 3474 925 3531 secutus
952 3460 1011 3549 sit,
1048 3474 1092 3533 ut
1116 3459 1283 3561 singulos
1307 3459 1474 3536 homines
1499 3459 1625 3535 ridere
1642 3462 1782 3559 nollet,
1824 3467 1893 3544 s'ed

289 3604 412 3658 mores
439 3568 631 3658 universos
653 3575 946 3651 describereew·
974 3589 1040 3651 τῶν
1062 3588 1098 3651 δὲ
1114 3583 1280 3674 Ἀθήνῃσι,
1303 3584 1437 3671 Κράτης
1455 3592 1583 3673 πρῶτος
1602 3582 1705 3675 ἧρξεν,
1733 3593 1893 3680 ἀφέμενος

288 3717 347 3803 rije
368 3715 518 3796 ἰαμβικῆς
538 3705 635 3787 ι’ὃεὰς,
670 3700 793 3771 eastra
814 3698 917 3769 τίοιεῖν
944 3700 1058 3789 λόγους
1077 3700 1099 3788 ἢ
1117 3701 1253 3788 nidove.
1307 3701 1345 3774 Sl
1372 3702 1457 3802 quis
1482 3715 1535 3775 est
1555 3715 1689 3795 autem,
1726 3706 1891 3782 cul'non

288 3824 488 3926 perspicua
506 3823 579 3894 sint
602 3817 689 3911 illa,
706 3843 800 3921 quae
822 3816 997 3919 pluribus
1018 3819 1142 3926 verhis
1167 3819 1213 3895 ab
1232 3820 1430 3896 Aristotele
1455 3814 1803 3919 commemorantem,
1826 3816 1891 3905 de·

288 3939 394 4017 bebit
413 3940 585 4014 conferre
611 3971 665 4033 ea,
691 3967 787 4044 quae
813 3938 862 4015 de
885 3938 1119 4034 Pherecrate,
1145 3939 1302 4018 Cratetis
1326 3944 1521 4036 imitatore,
1546 3932 1816 4026 Grammaticus
1840 3953 1891 4028 ita
1969 3946 1986 3960 ⁸

165 4104 170 4119 ι
289 4061 454 4163 scripsit:
469 4060 515 4125 ¹³·
558 4066 764 4156 Φερεκράτης
774 4070 945 4161 'stipatos
961 4074 1033 4158 νικᾷ
1048 4069 1101 4137 tut
1116 4064 1256 4159 θεάτρου
1274 4067 1451 4156 γινόμενος·
1470 4048 1489 4145 ὅ
1508 4074 1543 4140 di
1557 4074 1733 4163 ὅποκριτὴς
1745 4075 1890 4166 {Criton
1949 4065 1957 4077 .

292 4282 582 4309 m
612 4303 615 4307 ,

372 4425 400 4488 a.
422 4421 529 4484 uem.
549 4419 658 4483 narres
682 4421 715 4509 n
736 4379 947 4488 inaratae
965 4445 1034 4511 pag.
1055 4418 1106 4486 st.
1199 4377 1229 4484 a
1252 4422 1457 4486 ommuni
1475 4425 1560 4510 apua
1579 4427 1724 4491 oratore
1742 4453 1813 4518 pag.
1830 4435 1886 4497 uc

483 4528 511 4592 9.
531 4524 658 4588 aristot
672 4525 729 4586 Ars
748 4537 832 4608 poet.
849 4528 888 4606 V,
901 4525 931 4588 5.
1018 4530 1062 4588 11).
1082 4527 1126 4591 ld.
1144 4529 1195 4607 llI,
1215 4527 1244 4590 5.
1334 4529 1379 4588 11.
1396 4528 1495 4591 Wolt
1511 4529 1687 4616 Prolegom.
1704 4555 1775 4619 pag·
1787 4537 1886 4605 11th

484 4631 529 4690 12.
546 4628 675 4696 Aristo&
695 4627 752 4689 Ars
771 4637 856 4711 poet
881 4629 920 4711 V,
940 4627 970 4692 ὅ.
1058 4626 1381 4718 respuentium
1399 4648 1473 4716 page
1488 4632 1530 4695 X.
