<?xml version="1.0" encoding="UTF-8"?>
<!DOCTYPE html PUBLIC "-//W3C//DTD XHTML 1.0 Transitional//EN"
    "http://www.w3.org/TR/xhtml1/DTD/xhtml1-transitional.dtd">
<html xmlns="http://www.w3.org/1999/xhtml" xml:lang="en" lang="en">
 <head>
  <title>
</title>
<meta http-equiv="Content-Type" content="text/html;charset=utf-8" />
  <meta name='ocr-system' content='tesseract 3.04.00' />
  <meta name='ocr-capabilities' content='ocr_page ocr_carea ocr_par ocr_line ocrx_word'/>
</head>
<body>
  <div class='ocr_page' id='page_1' title='image "./detriumquaegrae00roedgoog_0173.png"; bbox 0 0 4364 5536; ppageno 0'>
   <div class='ocr_carea' id='block_1_1' title="bbox 927 440 1244 581">
    <p class='ocr_par' dir='ltr' id='par_1_1' title="bbox 927 440 1244 581">
     <span class='ocr_line' id='line_1_1' title="bbox 927 440 1244 581; baseline -0.022 -64"><span class='ocrx_word' id='word_1_1' title='bbox 927 486 1009 581; x_wconf 31' lang='lat' dir='ltr'><strong>n·-</strong></span> <span class='ocrx_word' id='word_1_2' title='bbox 1036 440 1135 547; x_wconf 54' lang='grc' dir='ltr'><strong>αα)</strong></span> <span class='ocrx_word' id='word_1_3' title='bbox 1175 488 1244 512; x_wconf 85' lang='grc'><strong>...-</strong></span> 
     </span>
    </p>
   </div>
   <div class='ocr_carea' id='block_1_2' title="bbox 159 652 1916 1482">
    <p class='ocr_par' dir='ltr' id='par_1_2' title="bbox 528 652 1846 855">
     <span class='ocr_line' id='line_1_2' title="bbox 529 652 1846 755; baseline 0 -31"><span class='ocrx_word' id='word_1_4' title='bbox 529 656 611 755; x_wconf 54' lang='grc' dir='ltr'><strong>αὕτη</strong></span> <span class='ocrx_word' id='word_1_5' title='bbox 654 654 786 725; x_wconf 69' lang='lat' dir='ltr'><strong>tritum·</strong></span> <span class='ocrx_word' id='word_1_6' title='bbox 829 660 932 722; x_wconf 77' lang='grc' dir='ltr'><strong><em>ταῦτα</em></strong></span> <span class='ocrx_word' id='word_1_7' title='bbox 976 652 1332 751; x_wconf 52' lang='lat' dir='ltr'><strong>adut’·1du;dstbrp,·</strong></span> <span class='ocrx_word' id='word_1_8' title='bbox 1424 710 1428 721; x_wconf 92' lang='lat'>.</span> <span class='ocrx_word' id='word_1_9' title='bbox 1776 662 1777 666; x_wconf 64' lang='grc'>’</span> <span class='ocrx_word' id='word_1_10' title='bbox 1822 695 1846 731; x_wconf 68' lang='lat'><strong>,1</strong></span> 
     </span>
     <span class='ocr_line' id='line_1_3' title="bbox 528 757 1623 855; baseline 0.001 -28"><span class='ocrx_word' id='word_1_11' title='bbox 528 767 662 848; x_wconf 72' lang='grc' dir='ltr'><strong>τέθνηκε</strong></span> <span class='ocrx_word' id='word_1_12' title='bbox 702 765 895 849; x_wconf 65' lang='grc' dir='ltr'><strong>κοινῇ,·μὸς</strong></span> <span class='ocrx_word' id='word_1_13' title='bbox 926 759 970 842; x_wconf 92' lang='lat'><em>6</em></span> <span class='ocrx_word' id='word_1_14' title='bbox 996 757 1232 855; x_wconf 46' lang='lat' dir='ltr'><strong>raifnssor&#39;rrua</strong></span> <span class='ocrx_word' id='word_1_15' title='bbox 1270 761 1355 846; x_wconf 75' lang='grc' dir='ltr'><strong>βίος.</strong></span> <span class='ocrx_word' id='word_1_16' title='bbox 1399 766 1480 833; x_wconf 68' lang='grc'><strong>17.”</strong></span> <span class='ocrx_word' id='word_1_17' title='bbox 1510 795 1550 847; x_wconf 48' lang='grc' dir='ltr'><strong>ις·</strong></span> <span class='ocrx_word' id='word_1_18' title='bbox 1583 771 1623 813; x_wconf 75' lang='lat'><strong>·³·</strong></span> 
     </span>
    </p>

    <p class='ocr_par' dir='ltr' id='par_1_3' title="bbox 159 873 1916 1482">
     <span class='ocr_line' id='line_1_4' title="bbox 159 873 1896 997; baseline 0.001 -28"><span class='ocrx_word' id='word_1_19' title='bbox 159 873 164 877; x_wconf 84' lang='lat'>.</span> <span class='ocrx_word' id='word_1_20' title='bbox 286 895 519 992; x_wconf 84' lang='lat' dir='ltr'><strong>Quibuscum</strong></span> <span class='ocrx_word' id='word_1_21' title='bbox 539 886 1143 997; x_wconf 69' lang='lat' dir='ltr'><strong>conseranturali&#39;aquaedam.1⁸·</strong></span> <span class='ocrx_word' id='word_1_22' title='bbox 1195 881 1294 966; x_wconf 83' lang='lat' dir='ltr'><strong>llis</strong></span> <span class='ocrx_word' id='word_1_23' title='bbox 1278 891 1399 993; x_wconf 76' lang='lat' dir='ltr'><strong>agitur</strong></span> <span class='ocrx_word' id='word_1_24' title='bbox 1418 880 1598 995; x_wconf 63' lang='lat' dir='ltr'><strong>exemplis</strong></span> <span class='ocrx_word' id='word_1_25' title='bbox 1623 892 1755 986; x_wconf 81' lang='lat' dir='ltr'><strong>allatis,</strong></span> <span class='ocrx_word' id='word_1_26' title='bbox 1779 896 1896 997; x_wconf 77' lang='lat' dir='ltr'><strong>quale</strong></span> 
     </span>
     <span class='ocr_line' id='line_1_5' title="bbox 287 1012 1912 1152; baseline 0.002 -61"><span class='ocrx_word' id='word_1_27' title='bbox 287 1019 334 1091; x_wconf 89' lang='lat' dir='ltr'><strong>sit</strong></span> <span class='ocrx_word' id='word_1_28' title='bbox 360 1014 468 1106; x_wconf 89' lang='lat' dir='ltr'><strong>illud,</strong></span> <span class='ocrx_word' id='word_1_29' title='bbox 493 1014 631 1116; x_wconf 92' lang='lat' dir='ltr'><strong>quod</strong></span> <span class='ocrx_word' id='word_1_30' title='bbox 623 1044 661 1087; x_wconf 83' lang='lat' dir='ltr'><strong>in</strong></span> <span class='ocrx_word' id='word_1_31' title='bbox 687 1017 855 1090; x_wconf 84' lang='lat' dir='ltr'>acumine</span> <span class='ocrx_word' id='word_1_32' title='bbox 877 1017 1049 1118; x_wconf 78' lang='lat' dir='ltr'><strong>positum</strong></span> <span class='ocrx_word' id='word_1_33' title='bbox 1073 1014 1244 1128; x_wconf 78' lang='lat' dir='ltr'><strong>dicimus,</strong></span> <span class='ocrx_word' id='word_1_34' title='bbox 1271 1012 1500 1088; x_wconf 84' lang='lat' dir='ltr'><strong>intellectum</strong></span> <span class='ocrx_word' id='word_1_35' title='bbox 1509 1030 1630 1152; x_wconf 24' lang='lat' dir='ltr'><strong>deputo</strong></span> <span class='ocrx_word' id='word_1_36' title='bbox 1679 1016 1746 1091; x_wconf 86' lang='lat' dir='ltr'><strong>Est</strong></span> <span class='ocrx_word' id='word_1_37' title='bbox 1767 1032 1912 1095; x_wconf 88' lang='lat' dir='ltr'><strong>autem·</strong></span> 
     </span>
     <span class='ocr_line' id='line_1_6' title="bbox 272 1112 1897 1251; baseline 0.002 -37"><span class='ocrx_word' id='word_1_38' title='bbox 272 1138 403 1230; x_wconf 76' lang='lat' dir='ltr'><strong>aliud,</strong></span> <span class='ocrx_word' id='word_1_39' title='bbox 429 1137 536 1240; x_wconf 91' lang='lat' dir='ltr'><strong>quod</strong></span> <span class='ocrx_word' id='word_1_40' title='bbox 570 1136 680 1237; x_wconf 89' lang='lat' dir='ltr'><strong>hujus</strong></span> <span class='ocrx_word' id='word_1_41' title='bbox 707 1141 852 1239; x_wconf 81' lang='lat' dir='ltr'><strong>generis</strong></span> <span class='ocrx_word' id='word_1_42' title='bbox 878 1139 1037 1249; x_wconf 81' lang='lat' dir='ltr'><strong>maxime</strong></span> <span class='ocrx_word' id='word_1_43' title='bbox 1066 1139 1267 1239; x_wconf 90' lang='lat' dir='ltr'><strong>proprium</strong></span> <span class='ocrx_word' id='word_1_44' title='bbox 1304 1112 1514 1251; x_wconf 79' lang='lat' dir='ltr'><strong>videatur,</strong></span> <span class='ocrx_word' id='word_1_45' title='bbox 1523 1150 1647 1246; x_wconf 75' lang='lat' dir='ltr'><strong>situm‘</strong></span> <span class='ocrx_word' id='word_1_46' title='bbox 1676 1132 1772 1214; x_wconf 89' lang='lat' dir='ltr'><strong>illud</strong></span> <span class='ocrx_word' id='word_1_47' title='bbox 1810 1144 1897 1249; x_wconf 80' lang='lat' dir='ltr'><strong>qui·</strong></span> 
     </span>
     <span class='ocr_line' id='line_1_7' title="bbox 288 1242 1910 1370; baseline -0.001 -37"><span class='ocrx_word' id='word_1_48' title='bbox 288 1259 408 1333; x_wconf 90' lang='lat' dir='ltr'><strong>dem</strong></span> <span class='ocrx_word' id='word_1_49' title='bbox 400 1290 438 1333; x_wconf 88' lang='lat' dir='ltr'><strong>m</strong></span> <span class='ocrx_word' id='word_1_50' title='bbox 458 1263 634 1362; x_wconf 80' lang='lat' dir='ltr'><strong>gravitate</strong></span> <span class='ocrx_word' id='word_1_51' title='bbox 653 1261 828 1362; x_wconf 84' lang='lat' dir='ltr'><strong>quadam,</strong></span> <span class='ocrx_word' id='word_1_52' title='bbox 849 1288 957 1370; x_wconf 77' lang='lat' dir='ltr'><strong>quae</strong></span> <span class='ocrx_word' id='word_1_53' title='bbox 964 1244 1048 1333; x_wconf 87' lang='lat' dir='ltr'><strong>non</strong></span> <span class='ocrx_word' id='word_1_54' title='bbox 1058 1255 1172 1337; x_wconf 91' lang='lat' dir='ltr'><strong>modo</strong></span> <span class='ocrx_word' id='word_1_55' title='bbox 1193 1266 1380 1359; x_wconf 81' lang='lat' dir='ltr'><strong>spectatur</strong></span> <span class='ocrx_word' id='word_1_56' title='bbox 1402 1260 1441 1331; x_wconf 92' lang='lat' dir='ltr'><strong>iu</strong></span> <span class='ocrx_word' id='word_1_57' title='bbox 1464 1242 1728 1349; x_wconf 81' lang='lat' dir='ltr'><strong>sententiarum</strong></span> <span class='ocrx_word' id='word_1_58' title='bbox 1746 1276 1910 1357; x_wconf 78' lang='lat' dir='ltr'><strong>natura„</strong></span> 
     </span>
     <span class='ocr_line' id='line_1_8' title="bbox 288 1362 1916 1482; baseline 0.001 -28"><span class='ocrx_word' id='word_1_59' title='bbox 288 1409 421 1456; x_wconf 83' lang='lat' dir='ltr'><strong>rerum</strong></span> <span class='ocrx_word' id='word_1_60' title='bbox 445 1384 555 1457; x_wconf 86' lang='lat' dir='ltr'><strong>etiam</strong></span> <span class='ocrx_word' id='word_1_61' title='bbox 580 1385 618 1456; x_wconf 91' lang='lat' dir='ltr'><strong>in</strong></span> <span class='ocrx_word' id='word_1_62' title='bbox 642 1398 717 1463; x_wconf 87' lang='lat' dir='ltr'><strong>tota</strong></span> <span class='ocrx_word' id='word_1_63' title='bbox 745 1362 959 1464; x_wconf 80' lang='lat' dir='ltr'><strong>fabular-[um</strong></span> <span class='ocrx_word' id='word_1_64' title='bbox 982 1379 1291 1471; x_wconf 80' lang='lat' dir='ltr'><strong>conformatione,</strong></span> <span class='ocrx_word' id='word_1_65' title='bbox 1315 1378 1362 1462; x_wconf 90' lang='lat' dir='ltr'><strong>de</strong></span> <span class='ocrx_word' id='word_1_66' title='bbox 1382 1406 1460 1482; x_wconf 87' lang='lat' dir='ltr'><strong>qua</strong></span> <span class='ocrx_word' id='word_1_67' title='bbox 1485 1380 1584 1455; x_wconf 80' lang='lat' dir='ltr'><strong>infra</strong></span> <span class='ocrx_word' id='word_1_68' title='bbox 1610 1379 1790 1459; x_wconf 90' lang='lat' dir='ltr'><strong>dicetur</strong></span> <span class='ocrx_word' id='word_1_69' title='bbox 1820 1384 1916 1461; x_wconf 82' lang='lat' dir='ltr'><strong>Sed·-</strong></span> 
     </span>
    </p>
   </div>
   <div class='ocr_carea' id='block_1_3' title="bbox 159 1501 1898 1604">
    <p class='ocr_par' dir='ltr' id='par_1_4' title="bbox 159 1501 1898 1604">
     <span class='ocr_line' id='line_1_9' title="bbox 159 1501 1898 1604; baseline 0.005 -29"><span class='ocrx_word' id='word_1_70' title='bbox 159 1528 165 1535; x_wconf 83' lang='grc'><strong>’</strong></span> <span class='ocrx_word' id='word_1_71' title='bbox 289 1530 336 1576; x_wconf 90' lang='lat' dir='ltr'><strong>ne</strong></span> <span class='ocrx_word' id='word_1_72' title='bbox 363 1503 443 1603; x_wconf 90' lang='lat' dir='ltr'><strong>quis</strong></span> <span class='ocrx_word' id='word_1_73' title='bbox 466 1505 513 1578; x_wconf 91' lang='lat' dir='ltr'><strong>sit</strong></span> <span class='ocrx_word' id='word_1_74' title='bbox 537 1503 749 1595; x_wconf 81' lang='lat' dir='ltr'><strong>admiratus,</strong></span> <span class='ocrx_word' id='word_1_75' title='bbox 775 1502 846 1577; x_wconf 87' lang='lat' dir='ltr'><strong>cur</strong></span> <span class='ocrx_word' id='word_1_76' title='bbox 867 1527 986 1575; x_wconf 85' lang='lat' dir='ltr'><strong>norae</strong></span> <span class='ocrx_word' id='word_1_77' title='bbox 1006 1501 1218 1576; x_wconf 88' lang='lat' dir='ltr'><strong>comoediae</strong></span> <span class='ocrx_word' id='word_1_78' title='bbox 1246 1504 1447 1603; x_wconf 71' lang='lat' dir='ltr'><strong>scriptores</strong></span> <span class='ocrx_word' id='word_1_79' title='bbox 1476 1501 1590 1577; x_wconf 86' lang='lat' dir='ltr'><strong>talia</strong></span> <span class='ocrx_word' id='word_1_80' title='bbox 1583 1506 1772 1604; x_wconf 65' lang='lat' dir='ltr'><strong>gnaritoe·</strong></span> <span class='ocrx_word' id='word_1_81' title='bbox 1768 1505 1898 1602; x_wconf 78' lang='lat' dir='ltr'><strong>dicta,</strong></span> 
     </span>
    </p>
   </div>
   <div class='ocr_carea' id='block_1_4' title="bbox 201 1605 1990 4158">
    <p class='ocr_par' dir='ltr' id='par_1_5' title="bbox 201 1605 1990 2697">
     <span class='ocr_line' id='line_1_10' title="bbox 267 1605 1900 1727; baseline 0.004 -30"><span class='ocrx_word' id='word_1_82' title='bbox 267 1651 386 1725; x_wconf 87' lang='lat' dir='ltr'><strong>-quae</strong></span> <span class='ocrx_word' id='word_1_83' title='bbox 435 1605 709 1727; x_wconf 82' lang='lat' dir='ltr'><strong>nonnunquam</strong></span> <span class='ocrx_word' id='word_1_84' title='bbox 751 1625 826 1700; x_wconf 89' lang='lat' dir='ltr'><strong>ad</strong></span> <span class='ocrx_word' id='word_1_85' title='bbox 829 1623 1114 1699; x_wconf 77' lang='lat' dir='ltr'><strong>sublimitatem</strong></span> <span class='ocrx_word' id='word_1_86' title='bbox 1152 1611 1230 1700; x_wconf 79' lang='lat' dir='ltr'><strong>&#39;sese</strong></span> <span class='ocrx_word' id='word_1_87' title='bbox 1274 1613 1510 1717; x_wconf 85' lang='lat' dir='ltr'><strong>adtollerent,</strong></span> <span class='ocrx_word' id='word_1_88' title='bbox 1547 1618 1744 1701; x_wconf 74' lang='lat' dir='ltr'><strong>fabulis</strong></span> <span class='ocrx_word' id='word_1_89' title='bbox 1735 1654 1900 1704; x_wconf 80' lang='lat' dir='ltr'><strong>inserere</strong></span> 
     </span>
     <span class='ocr_line' id='line_1_11' title="bbox 289 1740 1990 1848; baseline 0.005 -30"><span class='ocrx_word' id='word_1_90' title='bbox 289 1747 442 1821; x_wconf 82' lang='lat' dir='ltr'><strong>vellent:</strong></span> <span class='ocrx_word' id='word_1_91' title='bbox 476 1747 767 1848; x_wconf 82' lang='lat' dir='ltr'><strong>sequebantur</strong></span> <span class='ocrx_word' id='word_1_92' title='bbox 779 1747 931 1822; x_wconf 84' lang='lat' dir='ltr'><strong>omnino</strong></span> <span class='ocrx_word' id='word_1_93' title='bbox 952 1740 1159 1846; x_wconf 80' lang='lat' dir='ltr'><strong>Euripidis</strong></span> <span class='ocrx_word' id='word_1_94' title='bbox 1175 1746 1387 1847; x_wconf 80' lang='lat' dir='ltr'><strong>exemplum</strong></span> <span class='ocrx_word' id='word_1_95' title='bbox 1415 1762 1451 1822; x_wconf 88' lang='lat' dir='ltr'><strong>et</strong></span> <span class='ocrx_word' id='word_1_96' title='bbox 1475 1741 1526 1820; x_wconf 84' lang='lat' dir='ltr'><strong>ita</strong></span> <span class='ocrx_word' id='word_1_97' title='bbox 1547 1746 1814 1848; x_wconf 79' lang='lat' dir='ltr'><strong>sequebantur,</strong></span> <span class='ocrx_word' id='word_1_98' title='bbox 1857 1766 1902 1826; x_wconf 81' lang='lat' dir='ltr'><strong>ut</strong></span> <span class='ocrx_word' id='word_1_99' title='bbox 1984 1748 1990 1757; x_wconf 76' lang='grc'><em>’</em></span> 
     </span>
     <span class='ocr_line' id='line_1_12' title="bbox 289 1862 1901 1971; baseline 0.002 -28"><span class='ocrx_word' id='word_1_100' title='bbox 289 1882 382 1943; x_wconf 82' lang='lat' dir='ltr'><strong>totos</strong></span> <span class='ocrx_word' id='word_1_101' title='bbox 407 1894 448 1941; x_wconf 88' lang='lat' dir='ltr'><strong>se</strong></span> <span class='ocrx_word' id='word_1_102' title='bbox 471 1869 504 1940; x_wconf 91' lang='lat' dir='ltr'><strong>ei</strong></span> <span class='ocrx_word' id='word_1_103' title='bbox 523 1867 722 1942; x_wconf 77' lang='lat' dir='ltr'><strong>traderent</strong></span> <span class='ocrx_word' id='word_1_104' title='bbox 731 1867 831 1943; x_wconf 50' lang='lat' dir='ltr'><strong>„alta</strong></span> <span class='ocrx_word' id='word_1_105' title='bbox 847 1864 1070 1970; x_wconf 76' lang='lat' dir='ltr'><strong>intelligitur</strong></span> <span class='ocrx_word' id='word_1_106' title='bbox 1090 1862 1312 1967; x_wconf 64' lang='lat' dir='ltr'><strong>magnassllla</strong></span> <span class='ocrx_word' id='word_1_107' title='bbox 1336 1868 1492 1971; x_wconf 90' lang='lat' dir='ltr'><strong>quidem</strong></span> <span class='ocrx_word' id='word_1_108' title='bbox 1510 1870 1713 1946; x_wconf 80' lang='lat' dir='ltr'><strong>Menandri</strong></span> <span class='ocrx_word' id='word_1_109' title='bbox 1734 1887 1769 1948; x_wconf 89' lang='lat' dir='ltr'><strong>et</strong></span> <span class='ocrx_word' id='word_1_110' title='bbox 1787 1874 1901 1947; x_wconf 83' lang='lat' dir='ltr'><strong>Euri·</strong></span> 
     </span>
     <span class='ocr_line' id='line_1_13' title="bbox 290 1982 1947 2090; baseline 0.003 -27"><span class='ocrx_word' id='word_1_111' title='bbox 290 1987 388 2088; x_wconf 71' lang='lat' dir='ltr'><strong>pislis</strong></span> <span class='ocrx_word' id='word_1_112' title='bbox 409 1982 994 2090; x_wconf 61' lang='lat' dir='ltr'><strong>cognatim-quarinum·est,&#39;sut</strong></span> <span class='ocrx_word' id='word_1_113' title='bbox 1019 1989 1127 2064; x_wconf 89' lang='lat' dir='ltr'><strong>multi</strong></span> <span class='ocrx_word' id='word_1_114' title='bbox 1154 1982 1391 2089; x_wconf 80' lang='lat' dir='ltr'><strong>nesciverint,</strong></span> <span class='ocrx_word' id='word_1_115' title='bbox 1414 1993 1489 2066; x_wconf 88' lang='lat' dir='ltr'><strong>utri</strong></span> <span class='ocrx_word' id='word_1_116' title='bbox 1517 1991 1580 2066; x_wconf 90' lang='lat' dir='ltr'><strong>has</strong></span> <span class='ocrx_word' id='word_1_117' title='bbox 1601 1993 1899 2070; x_wconf 60' lang='lat' dir='ltr'><strong>illasve-senuna</strong></span> <span class='ocrx_word' id='word_1_118' title='bbox 1938 2032 1947 2041; x_wconf 91' lang='lat'><strong>·</strong></span> 
     </span>
     <span class='ocr_line' id='line_1_14' title="bbox 215 2103 1896 2218; baseline 0.004 -37"><span class='ocrx_word' id='word_1_119' title='bbox 215 2150 220 2161; x_wconf 92' lang='lat'><strong>·</strong></span> <span class='ocrx_word' id='word_1_120' title='bbox 290 2110 355 2182; x_wconf 89' lang='lat' dir='ltr'><strong>tias</strong></span> <span class='ocrx_word' id='word_1_121' title='bbox 389 2108 607 2185; x_wconf 86' lang='lat' dir='ltr'><strong>tribuerent.</strong></span> <span class='ocrx_word' id='word_1_122' title='bbox 658 2110 749 2211; x_wconf 87' lang='lat' dir='ltr'><strong>Ejus</strong></span> <span class='ocrx_word' id='word_1_123' title='bbox 783 2114 854 2184; x_wconf 88' lang='lat' dir='ltr'><strong>rei</strong></span> <span class='ocrx_word' id='word_1_124' title='bbox 871 2114 971 2186; x_wconf 90' lang='lat' dir='ltr'><strong>testis</strong></span> <span class='ocrx_word' id='word_1_125' title='bbox 1006 2127 1059 2186; x_wconf 88' lang='lat' dir='ltr'><strong>est</strong></span> <span class='ocrx_word' id='word_1_126' title='bbox 1077 2111 1393 2214; x_wconf 80' lang='lat' dir='ltr'><strong>locupletissimus</strong></span> <span class='ocrx_word' id='word_1_127' title='bbox 1417 2103 1652 2209; x_wconf 73' lang='lat' dir='ltr'><strong>Plutarchus,</strong></span> <span class='ocrx_word' id='word_1_128' title='bbox 1691 2118 1772 2218; x_wconf 80' lang='lat' dir='ltr'><strong>q&#39;ui,</strong></span> <span class='ocrx_word' id='word_1_129' title='bbox 1807 2140 1896 2188; x_wconf 88' lang='lat' dir='ltr'><strong>eum</strong></span> 
     </span>
     <span class='ocr_line' id='line_1_15' title="bbox 201 2229 1896 2335; baseline 0.001 -33"><span class='ocrx_word' id='word_1_130' title='bbox 201 2303 208 2326; x_wconf 42' lang='lat'>⁸</span> <span class='ocrx_word' id='word_1_131' title='bbox 291 2229 403 2305; x_wconf 85' lang='lat' dir='ltr'><strong>homo</strong></span> <span class='ocrx_word' id='word_1_132' title='bbox 431 2248 523 2306; x_wconf 88' lang='lat' dir='ltr'><strong>esset</strong></span> <span class='ocrx_word' id='word_1_133' title='bbox 543 2236 727 2311; x_wconf 90' lang='lat' dir='ltr'><strong>mitissimi</strong></span> <span class='ocrx_word' id='word_1_134' title='bbox 744 2235 856 2308; x_wconf 88' lang='lat' dir='ltr'><strong>animi</strong></span> <span class='ocrx_word' id='word_1_135' title='bbox 882 2234 1118 2335; x_wconf 73' lang='lat' dir='ltr'><strong>multumque</strong></span> <span class='ocrx_word' id='word_1_136' title='bbox 1138 2233 1293 2319; x_wconf 78' lang='lat' dir='ltr'><strong>liaberet</strong></span> <span class='ocrx_word' id='word_1_137' title='bbox 1314 2235 1563 2335; x_wconf 85' lang='lat' dir='ltr'><strong>humanitatis,</strong></span> <span class='ocrx_word' id='word_1_138' title='bbox 1588 2233 1781 2310; x_wconf 78' lang='lat' dir='ltr'><strong>Menandri</strong></span> <span class='ocrx_word' id='word_1_139' title='bbox 1807 2250 1896 2333; x_wconf 75' lang='lat' dir='ltr'><strong>gra·-</strong></span> 
     </span>
     <span class='ocr_line' id='line_1_16' title="bbox 216 2344 1900 2459; baseline 0.003 -36"><span class='ocrx_word' id='word_1_140' title='bbox 216 2354 222 2369; x_wconf 82' lang='lat'><strong><em>&#39;</em></strong></span> <span class='ocrx_word' id='word_1_141' title='bbox 291 2354 401 2425; x_wconf 82' lang='lat' dir='ltr'><strong>ritate</strong></span> <span class='ocrx_word' id='word_1_142' title='bbox 427 2359 536 2453; x_wconf 82' lang='lat' dir='ltr'><strong>atque</strong></span> <span class='ocrx_word' id='word_1_143' title='bbox 566 2371 776 2429; x_wconf 87' lang='lat' dir='ltr'><strong>mansuetu</strong></span> <span class='ocrx_word' id='word_1_144' title='bbox 773 2346 933 2428; x_wconf 88' lang='lat' dir='ltr'><strong>dicendi</strong></span> <span class='ocrx_word' id='word_1_145' title='bbox 967 2380 1104 2455; x_wconf 82' lang='lat' dir='ltr'><strong>genere</strong></span> <span class='ocrx_word' id='word_1_146' title='bbox 1127 2371 1319 2459; x_wconf 84' lang='lat' dir='ltr'><strong>tantopere</strong></span> <span class='ocrx_word' id='word_1_147' title='bbox 1346 2344 1611 2455; x_wconf 81' lang='lat' dir='ltr'><strong>delectaretur,</strong></span> <span class='ocrx_word' id='word_1_148' title='bbox 1633 2370 1677 2431; x_wconf 89' lang='lat' dir='ltr'><strong>ut</strong></span> <span class='ocrx_word' id='word_1_149' title='bbox 1701 2383 1787 2430; x_wconf 91' lang='lat' dir='ltr'><strong>eum</strong></span> <span class='ocrx_word' id='word_1_150' title='bbox 1812 2354 1900 2428; x_wconf 76' lang='lat' dir='ltr'><strong>ari-</strong></span> 
     </span>
     <span class='ocr_line' id='line_1_17' title="bbox 291 2470 1964 2589; baseline 0.001 -43"><span class='ocrx_word' id='word_1_151' title='bbox 291 2474 463 2575; x_wconf 87' lang='lat' dir='ltr'><strong>stophani</strong></span> <span class='ocrx_word' id='word_1_152' title='bbox 486 2477 690 2612; x_wconf 88' lang='lat' dir='ltr'><strong>ceterisque</strong></span> <span class='ocrx_word' id='word_1_153' title='bbox 709 2477 857 2549; x_wconf 81' lang='lat' dir='ltr'><strong>veteris</strong></span> <span class='ocrx_word' id='word_1_154' title='bbox 869 2470 1082 2557; x_wconf 81' lang='lat' dir='ltr'><strong>comoediae</strong></span> <span class='ocrx_word' id='word_1_155' title='bbox 1103 2475 1337 2580; x_wconf 78' lang='lat' dir='ltr'><strong>principibus</strong></span> <span class='ocrx_word' id='word_1_156' title='bbox 1358 2477 1592 2589; x_wconf 79' lang='lat' dir='ltr'><strong>praeferret,</strong></span> <span class='ocrx_word' id='word_1_157' title='bbox 1590 2474 1648 2552; x_wconf 82' lang='lat' dir='ltr'><strong>i&#39;d</strong></span> <span class='ocrx_word' id='word_1_158' title='bbox 1660 2474 1766 2579; x_wconf 90' lang='lat' dir='ltr'><strong>quod</strong></span> <span class='ocrx_word' id='word_1_159' title='bbox 1785 2473 1899 2575; x_wconf 89' lang='lat' dir='ltr'><strong>plane</strong></span> <span class='ocrx_word' id='word_1_160' title='bbox 1963 2530 1964 2535; x_wconf 33' lang='lat'>1</span> 
     </span>
     <span class='ocr_line' id='line_1_18' title="bbox 292 2578 1899 2710; baseline 0.001 -42"><span class='ocrx_word' id='word_1_161' title='bbox 292 2597 518 2710; x_wconf 87' lang='lat' dir='ltr'><strong>perspicitur</strong></span> <span class='ocrx_word' id='word_1_162' title='bbox 545 2599 678 2688; x_wconf 87' lang='lat' dir='ltr'><strong>exeis,</strong></span> <span class='ocrx_word' id='word_1_163' title='bbox 704 2622 804 2696; x_wconf 86' lang='lat' dir='ltr'><strong>quae</strong></span> <span class='ocrx_word' id='word_1_164' title='bbox 824 2578 888 2669; x_wconf 90' lang='lat' dir='ltr'><strong>ille</strong></span> <span class='ocrx_word' id='word_1_165' title='bbox 899 2579 1085 2697; x_wconf 87' lang='lat' dir='ltr'><strong>pluribus</strong></span> <span class='ocrx_word' id='word_1_166' title='bbox 1109 2594 1198 2669; x_wconf 90' lang='lat' dir='ltr'><strong>locis</strong></span> <span class='ocrx_word' id='word_1_167' title='bbox 1226 2594 1439 2699; x_wconf 81' lang='lat' dir='ltr'><strong>disputavit</strong></span> <span class='ocrx_word' id='word_1_168' title='bbox 1454 2598 1530 2658; x_wconf 85' lang='lat'><strong>¹9</strong></span> <span class='ocrx_word' id='word_1_169' title='bbox 1548 2594 1622 2680; x_wconf 88' lang='lat' dir='ltr'><strong>Sed</strong></span> <span class='ocrx_word' id='word_1_170' title='bbox 1648 2599 1759 2671; x_wconf 86' lang='lat' dir='ltr'><strong>etiam</strong></span> <span class='ocrx_word' id='word_1_171' title='bbox 1776 2593 1899 2670; x_wconf 87' lang='lat' dir='ltr'><strong>Phile·</strong></span> 
     </span>
    </p>

    <p class='ocr_par' dir='ltr' id='par_1_6' title="bbox 292 2696 1898 2938">
     <span class='ocr_line' id='line_1_19' title="bbox 292 2696 1898 2819; baseline 0.003 -31"><span class='ocrx_word' id='word_1_172' title='bbox 292 2741 354 2788; x_wconf 90' lang='lat' dir='ltr'><strong>mo</strong></span> <span class='ocrx_word' id='word_1_173' title='bbox 381 2715 428 2789; x_wconf 86' lang='lat' dir='ltr'><strong>ad</strong></span> <span class='ocrx_word' id='word_1_174' title='bbox 453 2744 533 2788; x_wconf 90' lang='lat' dir='ltr'><strong>eam</strong></span> <span class='ocrx_word' id='word_1_175' title='bbox 557 2717 751 2817; x_wconf 91' lang='lat' dir='ltr'><strong>Euripidis</strong></span> <span class='ocrx_word' id='word_1_176' title='bbox 777 2715 1059 2790; x_wconf 83' lang='lat' dir='ltr'><strong>admirationem</strong></span> <span class='ocrx_word' id='word_1_177' title='bbox 1085 2720 1269 2816; x_wconf 86' lang='lat' dir='ltr'><strong>pervenit,</strong></span> <span class='ocrx_word' id='word_1_178' title='bbox 1306 2734 1347 2793; x_wconf 89' lang='lat' dir='ltr'><strong>ut</strong></span> <span class='ocrx_word' id='word_1_179' title='bbox 1368 2698 1558 2795; x_wconf 88' lang='lat' dir='ltr'><strong>hominem</strong></span> <span class='ocrx_word' id='word_1_180' title='bbox 1582 2696 1783 2819; x_wconf 79' lang='lat' dir='ltr'><strong>aliquem</strong></span> <span class='ocrx_word' id='word_1_181' title='bbox 1774 2745 1813 2790; x_wconf 82' lang='lat' dir='ltr'><strong>in</strong></span> <span class='ocrx_word' id='word_1_182' title='bbox 1838 2742 1898 2793; x_wconf 81' lang='lat' dir='ltr'><strong>ce·</strong></span> 
     </span>
     <span class='ocr_line' id='line_1_20' title="bbox 292 2836 1899 2938; baseline 0.003 -29"><span class='ocrx_word' id='word_1_183' title='bbox 292 2836 442 2911; x_wconf 86' lang='lat' dir='ltr'><strong>moedia</strong></span> <span class='ocrx_word' id='word_1_184' title='bbox 464 2837 647 2911; x_wconf 84' lang='lat' dir='ltr'><strong>dicentem</strong></span> <span class='ocrx_word' id='word_1_185' title='bbox 673 2837 815 2928; x_wconf 89' lang='lat' dir='ltr'><strong>fecerit,</strong></span> <span class='ocrx_word' id='word_1_186' title='bbox 846 2861 884 2912; x_wconf 91' lang='lat' dir='ltr'><strong>se</strong></span> <span class='ocrx_word' id='word_1_187' title='bbox 910 2864 1063 2933; x_wconf 84' lang='lat' dir='ltr'><strong>manum</strong></span> <span class='ocrx_word' id='word_1_188' title='bbox 1088 2837 1190 2911; x_wconf 93' lang='lat' dir='ltr'><strong>illico</strong></span> <span class='ocrx_word' id='word_1_189' title='bbox 1215 2836 1285 2911; x_wconf 91' lang='lat' dir='ltr'><strong>sibi</strong></span> <span class='ocrx_word' id='word_1_190' title='bbox 1314 2865 1391 2914; x_wconf 92' lang='lat' dir='ltr'><strong>esse</strong></span> <span class='ocrx_word' id='word_1_191' title='bbox 1418 2841 1623 2930; x_wconf 87' lang='lat' dir='ltr'><strong>illaturum,</strong></span> <span class='ocrx_word' id='word_1_192' title='bbox 1653 2854 1696 2913; x_wconf 87' lang='lat' dir='ltr'><strong>ut</strong></span> <span class='ocrx_word' id='word_1_193' title='bbox 1719 2838 1853 2938; x_wconf 90' lang='lat' dir='ltr'><strong>apud</strong></span> <span class='ocrx_word' id='word_1_194' title='bbox 1844 2866 1899 2913; x_wconf 84' lang='lat' dir='ltr'><strong>tn·</strong></span> 
     </span>
    </p>

    <p class='ocr_par' dir='ltr' id='par_1_7' title="bbox 224 2957 1928 4158">
     <span class='ocr_line' id='line_1_21' title="bbox 293 2957 1898 3059; baseline 0.002 -30"><span class='ocrx_word' id='word_1_195' title='bbox 293 2957 392 3030; x_wconf 83' lang='lat' dir='ltr'><strong>feros</strong></span> <span class='ocrx_word' id='word_1_196' title='bbox 419 2957 626 3056; x_wconf 87' lang='lat' dir='ltr'><strong>adspiceret</strong></span> <span class='ocrx_word' id='word_1_197' title='bbox 650 2960 885 3059; x_wconf 89' lang='lat' dir='ltr'><strong>Euripidem,</strong></span> <span class='ocrx_word' id='word_1_198' title='bbox 928 2957 1135 3032; x_wconf 89' lang='lat' dir='ltr'><strong>dummodo</strong></span> <span class='ocrx_word' id='word_1_199' title='bbox 1158 2984 1284 3032; x_wconf 91' lang='lat' dir='ltr'><strong>manes</strong></span> <span class='ocrx_word' id='word_1_200' title='bbox 1309 2960 1511 3032; x_wconf 88' lang='lat' dir='ltr'><strong>etiamnum</strong></span> <span class='ocrx_word' id='word_1_201' title='bbox 1536 2961 1662 3034; x_wconf 82' lang='lat' dir='ltr'><strong>vivere</strong></span> <span class='ocrx_word' id='word_1_202' title='bbox 1696 2973 1732 3033; x_wconf 89' lang='lat' dir='ltr'><strong>et</strong></span> <span class='ocrx_word' id='word_1_203' title='bbox 1763 2960 1898 3033; x_wconf 87' lang='lat' dir='ltr'><strong>sentire</strong></span> 
     </span>
     <span class='ocr_line' id='line_1_22' title="bbox 292 3062 1900 3184; baseline 0.002 -34"><span class='ocrx_word' id='word_1_204' title='bbox 292 3078 363 3153; x_wconf 87' lang='lat' dir='ltr'><strong>sibi</strong></span> <span class='ocrx_word' id='word_1_205' title='bbox 388 3077 485 3168; x_wconf 89' lang='lat' dir='ltr'><strong>foret</strong></span> <span class='ocrx_word' id='word_1_206' title='bbox 509 3062 736 3179; x_wconf 87' lang='lat' dir='ltr'><strong>persuasum.</strong></span> <span class='ocrx_word' id='word_1_207' title='bbox 768 3079 864 3183; x_wconf 32' lang='lat' dir='ltr'><strong>(Nee</strong></span> <span class='ocrx_word' id='word_1_208' title='bbox 885 3082 1142 3153; x_wconf 83' lang='lat' dir='ltr'><strong>veromirum</strong></span> <span class='ocrx_word' id='word_1_209' title='bbox 1164 3079 1350 3171; x_wconf 71' lang='lat' dir='ltr'><strong>rideatur,</strong></span> <span class='ocrx_word' id='word_1_210' title='bbox 1379 3079 1485 3184; x_wconf 89' lang='lat' dir='ltr'><strong>quod</strong></span> <span class='ocrx_word' id='word_1_211' title='bbox 1508 3077 1720 3155; x_wconf 89' lang='lat' dir='ltr'><strong>comoediae</strong></span> <span class='ocrx_word' id='word_1_212' title='bbox 1743 3081 1900 3182; x_wconf 89' lang='lat' dir='ltr'><strong>scripto·</strong></span> 
     </span>
     <span class='ocr_line' id='line_1_23' title="bbox 294 3189 1901 3300; baseline 0.002 -29"><span class='ocrx_word' id='word_1_213' title='bbox 294 3226 353 3274; x_wconf 90' lang='lat' dir='ltr'><strong>res</strong></span> <span class='ocrx_word' id='word_1_214' title='bbox 373 3224 449 3273; x_wconf 91' lang='lat' dir='ltr'><strong>sese</strong></span> <span class='ocrx_word' id='word_1_215' title='bbox 470 3202 620 3272; x_wconf 88' lang='lat' dir='ltr'><strong>omnino</strong></span> <span class='ocrx_word' id='word_1_216' title='bbox 643 3199 691 3272; x_wconf 86' lang='lat' dir='ltr'><strong>ad</strong></span> <span class='ocrx_word' id='word_1_217' title='bbox 704 3200 930 3300; x_wconf 88' lang='lat' dir='ltr'><strong>Euripidem</strong></span> <span class='ocrx_word' id='word_1_218' title='bbox 953 3200 1327 3293; x_wconf 77' lang='lat' dir='ltr'><strong>accommodaverim,</strong></span> <span class='ocrx_word' id='word_1_219' title='bbox 1348 3228 1435 3276; x_wconf 92' lang='lat' dir='ltr'><strong>cum</strong></span> <span class='ocrx_word' id='word_1_220' title='bbox 1453 3215 1528 3276; x_wconf 86' lang='lat' dir='ltr'><strong>tota</strong></span> <span class='ocrx_word' id='word_1_221' title='bbox 1548 3201 1613 3274; x_wconf 86' lang='lat' dir='ltr'><strong>illa</strong></span> <span class='ocrx_word' id='word_1_222' title='bbox 1631 3189 1726 3277; x_wconf 84' lang='lat' dir='ltr'><strong>aetas</strong></span> <span class='ocrx_word' id='word_1_223' title='bbox 1745 3212 1901 3293; x_wconf 72' lang='grc' dir='ltr'><strong>ποῦ’τρα-</strong></span> 
     </span>
     <span class='ocr_line' id='line_1_24' title="bbox 293 3317 1903 3426; baseline 0.007 -38"><span class='ocrx_word' id='word_1_224' title='bbox 293 3317 471 3407; x_wconf 67' lang='grc' dir='ltr'><strong>’γικωτάτου</strong></span> <span class='ocrx_word' id='word_1_225' title='bbox 489 3322 622 3409; x_wconf 56' lang='lat' dir='ltr'><strong>naalma</strong></span> <span class='ocrx_word' id='word_1_226' title='bbox 648 3333 693 3390; x_wconf 80' lang='lat'><strong>20.</strong></span> <span class='ocrx_word' id='word_1_227' title='bbox 736 3348 863 3397; x_wconf 89' lang='lat' dir='ltr'><strong>amore</strong></span> <span class='ocrx_word' id='word_1_228' title='bbox 889 3324 970 3425; x_wconf 90' lang='lat' dir='ltr'><strong>capi</strong></span> <span class='ocrx_word' id='word_1_229' title='bbox 1006 3318 1197 3425; x_wconf 80' lang='lat' dir='ltr'><strong>coepisset,</strong></span> <span class='ocrx_word' id='word_1_230' title='bbox 1231 3340 1272 3400; x_wconf 92' lang='lat' dir='ltr'><strong>ut</strong></span> <span class='ocrx_word' id='word_1_231' title='bbox 1294 3351 1371 3399; x_wconf 92' lang='lat' dir='ltr'><strong>non</strong></span> <span class='ocrx_word' id='word_1_232' title='bbox 1392 3324 1514 3400; x_wconf 90' lang='lat' dir='ltr'><strong>solum</strong></span> <span class='ocrx_word' id='word_1_233' title='bbox 1538 3349 1687 3419; x_wconf 85' lang='lat' dir='ltr'><strong>morum</strong></span> <span class='ocrx_word' id='word_1_234' title='bbox 1705 3339 1903 3426; x_wconf 84' lang='lat' dir='ltr'><strong>praecepta</strong></span> 
     </span>
     <span class='ocr_line' id='line_1_25' title="bbox 224 3444 1900 3549; baseline 0.002 -35"><span class='ocrx_word' id='word_1_235' title='bbox 224 3502 225 3505; x_wconf 63' lang='lat'><strong>,</strong></span> <span class='ocrx_word' id='word_1_236' title='bbox 294 3444 463 3543; x_wconf 82' lang='lat' dir='ltr'><strong>vitaeque</strong></span> <span class='ocrx_word' id='word_1_237' title='bbox 491 3445 658 3544; x_wconf 82' lang='lat' dir='ltr'><strong>exempla</strong></span> <span class='ocrx_word' id='word_1_238' title='bbox 686 3471 705 3517; x_wconf 93' lang='lat' dir='ltr'><strong>e</strong></span> <span class='ocrx_word' id='word_1_239' title='bbox 730 3444 867 3519; x_wconf 88' lang='lat' dir='ltr'><strong>fabulis</strong></span> <span class='ocrx_word' id='word_1_240' title='bbox 900 3445 1066 3547; x_wconf 90' lang='lat' dir='ltr'><strong>ejusdem</strong></span> <span class='ocrx_word' id='word_1_241' title='bbox 1098 3446 1393 3537; x_wconf 90' lang='lat' dir='ltr'><strong>desumerentur,</strong></span> <span class='ocrx_word' id='word_1_242' title='bbox 1432 3445 1633 3520; x_wconf 81' lang='lat' dir='ltr'><strong>sedetiam</strong></span> <span class='ocrx_word' id='word_1_243' title='bbox 1662 3448 1728 3521; x_wconf 83' lang='lat' dir='ltr'><strong>toti</strong></span> <span class='ocrx_word' id='word_1_244' title='bbox 1759 3444 1900 3549; x_wconf 34' lang='lat' dir='ltr'><strong>versus,</strong></span> 
     </span>
     <span class='ocr_line' id='line_1_26' title="bbox 295 3563 1900 3669; baseline 0.003 -35"><span class='ocrx_word' id='word_1_245' title='bbox 295 3565 333 3634; x_wconf 93' lang='lat' dir='ltr'><strong>in</strong></span> <span class='ocrx_word' id='word_1_246' title='bbox 361 3565 497 3664; x_wconf 90' lang='lat' dir='ltr'><strong>quibus</strong></span> <span class='ocrx_word' id='word_1_247' title='bbox 522 3579 691 3638; x_wconf 85' lang='lat' dir='ltr'><strong>venustas</strong></span> <span class='ocrx_word' id='word_1_248' title='bbox 721 3567 903 3668; x_wconf 86' lang='lat' dir='ltr'><strong>quaedam</strong></span> <span class='ocrx_word' id='word_1_249' title='bbox 926 3595 967 3642; x_wconf 90' lang='lat' dir='ltr'><strong>ac</strong></span> <span class='ocrx_word' id='word_1_250' title='bbox 995 3564 1211 3669; x_wconf 87' lang='lat' dir='ltr'><strong>pulcritudo</strong></span> <span class='ocrx_word' id='word_1_251' title='bbox 1244 3568 1360 3640; x_wconf 88' lang='lat' dir='ltr'><strong>inesse</strong></span> <span class='ocrx_word' id='word_1_252' title='bbox 1391 3563 1595 3656; x_wconf 79' lang='lat' dir='ltr'><strong>rideretur,</strong></span> <span class='ocrx_word' id='word_1_253' title='bbox 1627 3568 1734 3641; x_wconf 84' lang='lat' dir='ltr'><strong>novis</strong></span> <span class='ocrx_word' id='word_1_254' title='bbox 1763 3564 1900 3640; x_wconf 82' lang='lat' dir='ltr'><strong>fabulis</strong></span> 
     </span>
     <span class='ocr_line' id='line_1_27' title="bbox 263 3685 1901 3788; baseline 0.004 -32"><span class='ocrx_word' id='word_1_255' title='bbox 263 3687 600 3759; x_wconf 88' lang='lat' dir='ltr'><strong>·immiscerentur.</strong></span> <span class='ocrx_word' id='word_1_256' title='bbox 652 3686 887 3788; x_wconf 88' lang='lat' dir='ltr'><strong>Adjiciantur</strong></span> <span class='ocrx_word' id='word_1_257' title='bbox 910 3686 1133 3782; x_wconf 89' lang='lat' dir='ltr'><strong>Quintiliani</strong></span> <span class='ocrx_word' id='word_1_258' title='bbox 1155 3685 1298 3776; x_wconf 67' lang='lat' dir='ltr'><strong>uerba,</strong></span> <span class='ocrx_word' id='word_1_259' title='bbox 1338 3686 1488 3788; x_wconf 89' lang='lat' dir='ltr'><strong>quibus,</strong></span> <span class='ocrx_word' id='word_1_260' title='bbox 1529 3687 1651 3788; x_wconf 89' lang='lat' dir='ltr'><strong>qualis</strong></span> <span class='ocrx_word' id='word_1_261' title='bbox 1686 3688 1800 3762; x_wconf 89' lang='lat' dir='ltr'><strong>fuerit</strong></span> <span class='ocrx_word' id='word_1_262' title='bbox 1819 3687 1901 3770; x_wconf 83' lang='lat' dir='ltr'><strong>Me-</strong></span> 
     </span>
     <span class='ocr_line' id='line_1_28' title="bbox 297 3806 1903 3913; baseline 0.002 -36"><span class='ocrx_word' id='word_1_263' title='bbox 297 3806 432 3882; x_wconf 89' lang='lat' dir='ltr'><strong>nandri</strong></span> <span class='ocrx_word' id='word_1_264' title='bbox 459 3827 494 3884; x_wconf 88' lang='lat' dir='ltr'><strong>et</strong></span> <span class='ocrx_word' id='word_1_265' title='bbox 513 3809 707 3913; x_wconf 87' lang='lat' dir='ltr'><strong>Euripidis</strong></span> <span class='ocrx_word' id='word_1_266' title='bbox 733 3813 840 3902; x_wconf 85' lang='lat' dir='ltr'><strong>ratio,</strong></span> <span class='ocrx_word' id='word_1_267' title='bbox 857 3813 894 3883; x_wconf 94' lang='lat' dir='ltr'><strong>in</strong></span> <span class='ocrx_word' id='word_1_268' title='bbox 920 3808 1019 3883; x_wconf 89' lang='lat' dir='ltr'><strong>hunc</strong></span> <span class='ocrx_word' id='word_1_269' title='bbox 1041 3806 1200 3884; x_wconf 91' lang='lat' dir='ltr'><strong>modum</strong></span> <span class='ocrx_word' id='word_1_270' title='bbox 1219 3811 1415 3910; x_wconf 85' lang='lat' dir='ltr'><strong>expressit:</strong></span> <span class='ocrx_word' id='word_1_271' title='bbox 1436 3809 1484 3869; x_wconf 80' lang='lat'><strong>²¹·</strong></span> <span class='ocrx_word' id='word_1_272' title='bbox 1535 3809 1664 3882; x_wconf 88' lang='lat' dir='ltr'><strong>Hunc</strong></span> <span class='ocrx_word' id='word_1_273' title='bbox 1684 3809 1903 3909; x_wconf 86' lang='lat' dir='ltr'><strong>(Euripi-</strong></span> 
     </span>
     <span class='ocr_line' id='line_1_29' title="bbox 296 3927 1928 4030; baseline 0.002 -29"><span class='ocrx_word' id='word_1_274' title='bbox 296 3927 421 4027; x_wconf 90' lang='lat' dir='ltr'><strong>dem)</strong></span> <span class='ocrx_word' id='word_1_275' title='bbox 450 3945 492 4003; x_wconf 89' lang='lat' dir='ltr'><strong>et</strong></span> <span class='ocrx_word' id='word_1_276' title='bbox 518 3932 776 4007; x_wconf 87' lang='lat' dir='ltr'><strong>admiratus</strong></span> <span class='ocrx_word' id='word_1_277' title='bbox 800 3934 994 4006; x_wconf 80' lang='lat' dir='ltr'><strong>maxime</strong></span> <span class='ocrx_word' id='word_1_278' title='bbox 1018 3946 1110 4025; x_wconf 86' lang='lat' dir='ltr'><strong>est,</strong></span> <span class='ocrx_word' id='word_1_279' title='bbox 1137 3945 1185 4004; x_wconf 94' lang='lat' dir='ltr'><strong>ut</strong></span> <span class='ocrx_word' id='word_1_280' title='bbox 1208 3955 1345 4030; x_wconf 88' lang='lat' dir='ltr'><strong>saepe</strong></span> <span class='ocrx_word' id='word_1_281' title='bbox 1371 3941 1597 4023; x_wconf 87' lang='lat' dir='ltr'><strong>testatur,</strong></span> <span class='ocrx_word' id='word_1_282' title='bbox 1625 3947 1667 4006; x_wconf 89' lang='lat' dir='ltr'><strong>et</strong></span> <span class='ocrx_word' id='word_1_283' title='bbox 1691 3946 1928 4021; x_wconf 86' lang='lat' dir='ltr'><strong>secutus,-</strong></span> 
     </span>
     <span class='ocr_line' id='line_1_30' title="bbox 298 4049 1904 4158; baseline 0.001 -34"><span class='ocrx_word' id='word_1_284' title='bbox 298 4077 590 4154; x_wconf 87' lang='lat' dir='ltr'><strong>quamquam</strong></span> <span class='ocrx_word' id='word_1_285' title='bbox 616 4055 666 4126; x_wconf 92' lang='lat' dir='ltr'><strong>in</strong></span> <span class='ocrx_word' id='word_1_286' title='bbox 697 4080 838 4158; x_wconf 92' lang='lat' dir='ltr'><strong>opere</strong></span> <span class='ocrx_word' id='word_1_287' title='bbox 866 4055 1076 4146; x_wconf 79' lang='lat' dir='ltr'><strong>diverso,</strong></span> <span class='ocrx_word' id='word_1_288' title='bbox 1115 4049 1386 4127; x_wconf 88' lang='lat' dir='ltr'><strong>Menander.</strong></span> <span class='ocrx_word' id='word_1_289' title='bbox 1439 4053 1536 4128; x_wconf 89' lang='lat' dir='ltr'><strong>Hinc</strong></span> <span class='ocrx_word' id='word_1_290' title='bbox 1554 4055 1664 4127; x_wconf 86' lang='lat' dir='ltr'><strong>etiam</strong></span> <span class='ocrx_word' id='word_1_291' title='bbox 1682 4051 1815 4127; x_wconf 88' lang='lat' dir='ltr'><strong>Cicero</strong></span> <span class='ocrx_word' id='word_1_292' title='bbox 1835 4053 1904 4128; x_wconf 86' lang='lat' dir='ltr'><strong>sri-</strong></span> 
     </span>
    </p>
   </div>
   <div class='ocr_carea' id='block_1_5' title="bbox 384 4336 1978 4656">
    <p class='ocr_par' dir='ltr' id='par_1_8' title="bbox 384 4336 1978 4656">
     <span class='ocr_line' id='line_1_31' title="bbox 384 4336 1918 4451; baseline -0.003 -28"><span class='ocrx_word' id='word_1_293' title='bbox 384 4357 427 4416; x_wconf 85' lang='lat'><strong>¹⁷·</strong></span> <span class='ocrx_word' id='word_1_294' title='bbox 449 4359 526 4423; x_wconf 90' lang='lat' dir='ltr'><strong>lbid.</strong></span> <span class='ocrx_word' id='word_1_295' title='bbox 544 4344 617 4444; x_wconf 72' lang='lat' dir='ltr'><strong>pag.</strong></span> <span class='ocrx_word' id='word_1_296' title='bbox 638 4358 709 4431; x_wconf 82' lang='grc'><strong>378.</strong></span> <span class='ocrx_word' id='word_1_297' title='bbox 800 4363 843 4423; x_wconf 79' lang='lat'><strong>¹8·</strong></span> <span class='ocrx_word' id='word_1_298' title='bbox 864 4366 954 4443; x_wconf 89' lang='lat' dir='ltr'><strong>Quae</strong></span> <span class='ocrx_word' id='word_1_299' title='bbox 985 4361 1193 4426; x_wconf 82' lang='lat' dir='ltr'><strong>inveniuntur</strong></span> <span class='ocrx_word' id='word_1_300' title='bbox 1221 4360 1394 4446; x_wconf 75' lang='lat' dir='ltr'><strong>in&#39;paginis</strong></span> <span class='ocrx_word' id='word_1_301' title='bbox 1424 4336 1496 4429; x_wconf 74' lang='grc'><strong>363.</strong></span> <span class='ocrx_word' id='word_1_302' title='bbox 1524 4356 1596 4424; x_wconf 69' lang='grc'><strong>364.</strong></span> <span class='ocrx_word' id='word_1_303' title='bbox 1626 4359 1698 4423; x_wconf 84' lang='grc'><strong>371.</strong></span> <span class='ocrx_word' id='word_1_304' title='bbox 1733 4340 1810 4451; x_wconf 22' lang='grc'><strong>373..</strong></span> <span class='ocrx_word' id='word_1_305' title='bbox 1835 4354 1918 4421; x_wconf 75' lang='lat'><strong>³81:</strong></span> 
     </span>
     <span class='ocr_line' id='line_1_32' title="bbox 500 4464 1978 4561; baseline -0.001 -35"><span class='ocrx_word' id='word_1_306' title='bbox 500 4465 545 4525; x_wconf 79' lang='lat'><strong>19.</strong></span> <span class='ocrx_word' id='word_1_307' title='bbox 567 4466 710 4550; x_wconf 82' lang='lat' dir='ltr'><strong>Sympos.</strong></span> <span class='ocrx_word' id='word_1_308' title='bbox 730 4467 796 4530; x_wconf 88' lang='lat' dir='ltr'><strong>Vll.</strong></span> <span class='ocrx_word' id='word_1_309' title='bbox 814 4466 845 4535; x_wconf 83' lang='lat'><strong>8.</strong></span> <span class='ocrx_word' id='word_1_310' title='bbox 873 4489 946 4551; x_wconf 73' lang='lat' dir='ltr'><strong>paq.</strong></span> <span class='ocrx_word' id='word_1_311' title='bbox 963 4464 1033 4528; x_wconf 76' lang='lat'><strong>712.</strong></span> <span class='ocrx_word' id='word_1_312' title='bbox 1054 4466 1085 4527; x_wconf 89' lang='lat' dir='ltr'><strong>b.</strong></span> <span class='ocrx_word' id='word_1_313' title='bbox 1117 4467 1167 4528; x_wconf 86' lang='lat' dir='ltr'><strong>De</strong></span> <span class='ocrx_word' id='word_1_314' title='bbox 1194 4467 1278 4529; x_wconf 82' lang='lat' dir='ltr'><strong>vitae</strong></span> <span class='ocrx_word' id='word_1_315' title='bbox 1304 4467 1380 4550; x_wconf 76' lang='lat' dir='ltr'><strong>pud</strong></span> <span class='ocrx_word' id='word_1_316' title='bbox 1401 4487 1471 4550; x_wconf 76' lang='lat' dir='ltr'><strong>pag.</strong></span> <span class='ocrx_word' id='word_1_317' title='bbox 1491 4465 1561 4529; x_wconf 80' lang='lat'><strong>531.</strong></span> <span class='ocrx_word' id='word_1_318' title='bbox 1580 4489 1608 4529; x_wconf 88' lang='lat' dir='ltr'><strong>e.</strong></span> <span class='ocrx_word' id='word_1_319' title='bbox 1641 4468 1750 4548; x_wconf 86' lang='lat' dir='ltr'><strong>Comp.</strong></span> <span class='ocrx_word' id='word_1_320' title='bbox 1768 4467 1853 4556; x_wconf 71' lang='lat' dir='ltr'><strong>iden.</strong></span> <span class='ocrx_word' id='word_1_321' title='bbox 1874 4472 1909 4524; x_wconf 83' lang='lat' dir='ltr'><strong>et</strong></span> <span class='ocrx_word' id='word_1_322' title='bbox 1973 4552 1978 4561; x_wconf 90' lang='lat'>.</span> 
     </span>
     <span class='ocr_line' id='line_1_33' title="bbox 494 4563 1909 4656; baseline -0.004 -24"><span class='ocrx_word' id='word_1_323' title='bbox 494 4570 585 4632; x_wconf 72' lang='lat' dir='ltr'><strong>nae</strong></span> <span class='ocrx_word' id='word_1_324' title='bbox 604 4568 805 4656; x_wconf 50' lang='lat' dir='ltr'><strong>passas.</strong></span> <span class='ocrx_word' id='word_1_325' title='bbox 892 4573 937 4631; x_wconf 76' lang='lat' dir='ltr'><strong>ao.</strong></span> <span class='ocrx_word' id='word_1_326' title='bbox 956 4571 1164 4639; x_wconf 66' lang='lat' dir='ltr'><strong>amaena</strong></span> <span class='ocrx_word' id='word_1_327' title='bbox 1181 4573 1359 4656; x_wconf 73' lang='lat' dir='ltr'><strong>poeexuc</strong></span> <span class='ocrx_word' id='word_1_328' title='bbox 1436 4572 1482 4655; x_wconf 77' lang='lat' dir='ltr'><strong>n,</strong></span> <span class='ocrx_word' id='word_1_329' title='bbox 1500 4570 1639 4637; x_wconf 59' lang='lat' dir='ltr'><strong>uitam</strong></span> <span class='ocrx_word' id='word_1_330' title='bbox 1658 4572 1738 4637; x_wconf 68' lang='lat' dir='ltr'><strong>ane</strong></span> <span class='ocrx_word' id='word_1_331' title='bbox 1750 4570 1793 4632; x_wconf 84' lang='lat' dir='ltr'><strong>x.</strong></span> <span class='ocrx_word' id='word_1_332' title='bbox 1813 4569 1841 4630; x_wconf 86' lang='lat'><strong>1.</strong></span> <span class='ocrx_word' id='word_1_333' title='bbox 1856 4563 1909 4631; x_wconf 79' lang='lat' dir='ltr'><strong>os.</strong></span> 
     </span>
    </p>
   </div>
   <div class='ocr_carea' id='block_1_6' title="bbox 0 0 2205 5536">
    <p class='ocr_par' dir='ltr' id='par_1_9' title="bbox 0 0 2205 5536">
     <span class='ocr_line' id='line_1_34' title="bbox 0 0 2205 5536; baseline 0 0"><span class='ocrx_word' id='word_1_334' title='bbox 0 0 2205 5536; x_wconf 95' lang='lat' dir='ltr'><strong> </strong></span> 
     </span>
    </p>
   </div>
  </div>
 </body>
</html>
