4364 5536
587 480 1139 625 . -·17->

141 769 227 814 nem
253 738 313 813 hie
346 739 497 811 omnino
528 724 706 841 distingui
730 739 777 813 ab
804 740 914 814 initiis
946 741 1021 815 illis
1044 766 1121 815 non
1145 741 1438 843 praemeditatis,
1474 771 1497 816 a
1520 743 1659 844 quibus
1685 759 1746 816 coa

38 869 46 873 ”
141 857 289 934 moedia
316 859 509 958 inceperit3
549 861 685 932 etenim
708 861 747 932 ni
770 860 958 935 Aristoteli
984 865 1022 935 in
1048 866 1171 936 animo
1199 863 1340 957 fuisset,
1379 865 1450 939 boe
1472 864 1586 939 modo
1613 859 1749 965 digno&
1803 903 1808 908 -

142 1009 257 1073 scere,
283 1006 360 1054 non
385 979 524 1054 uerbis:
552 991 614 1056 αἰιὸ
633 997 698 1057 τῶν
719 989 918 1076 ἔξαρχόυτων
933 991 974 1057 τὰ
994 999 1145 1082 pattena,
1167 985 1242 1060 sed·
1261 987 1333 1061 alia
1353 989 1481 1088 quavis
1502 988 1644 1075 ratione
1665 965 1748 1059 sen·

141 1104 293 1175 tentiam
311 1103 521 1201 exprimere
540 1104 733 1201 potuisset,
758 1128 881 1201 neque
898 1101 1056 1203 dubium
1075 1118 1139 1196 est,
1165 1107 1259 1206 quin
1287 1112 1349 1179 dno*
1366 1120 1431 1181 τῶν
1443 1121 1607 1204 pallude
1621 1112 1748 1202 ηὐξήθη

142 1217 323 1296 dicturus
340 1221 477 1295 fuisset.
537 1221 803 1324 Quodcunque
835 1225 949 1323 igitur
972 1222 1192 1324 judicamus,
1232 1229 1300 1328 qui
1339 1213 1519 1324 ὄέξὰρχὼν
1541 1238 1585 1305 τὰ
1607 1199 1748 1324 platterat
1795 1314 1800 1322 ,

142 1343 363 1444 perhibetur
389 1361 516 1417 utrum
540 1344 763 1444 praecinisse
788 1343 976 1442 putandus
1002 1350 1061 1436 sit,
1087 1377 1139 1422 an
1161 1351 1326 1424 carmina
1350 1347 1538 1435 cecinisse,
1572 1367 1681 1416 nemo
1707 1343 1749 1415 in

143 1489 187 1536 eo
211 1460 414 1536 abhorrere
435 1495 457 1537 a
479 1493 538 1543 me
563 1465 676 1555 volet,
702 1464 807 1565 quod
831 1491 908 1538 non
935 1495 956 1539 a
980 1468 1208 1540 carminibus
1228 1469 1412 1568 phallieis,
1438 1449 1514 1541 sed
1530 1464 1749 1572 ab'histrio-
1838 1557 1845 1567 Ι

105 1583 442 1658 ΥιιὶΙ)ιιείΙι]οεη(1ει
461 1589 508 1660 sit
528 1585 741 1660 comoediae
765 1589 881 1687 origo.
934 1587 1040 1683 Quae
1061 1613 1147 1683 cum
1166 1589 1216 1660 ita
1233 1589 1318 1678 sint,
1340 1589 1494 1688 intelligi
1521 1586 1643 1676 debet,
1669 1610 1750 1657 rem
1811 1629 1812 1632 =

142 1707 306 1808 aliquam
332 1711 562 1809 propositam
579 1735 668 1800 esse,
694 1735 768 1808 qua
792 1709 986 1782 comoedia
1008 1709 1124 1784 modo
1149 1710 1234 1782 nata
1257 1709 1460 1809 perfectior
1485 1708 1593 1804 reddi
1619 1714 1750 1807 po'tue-

11 1885 15 1891 .
142 1829 202 1900 rit.
254 1827 329 1901 Sed
354 1832 531 1930 quoniam
556 1817 751 1928 histriones
776 1857 853 1904 non
880 1833 1056 1904 continuo
1081 1834 1120 1904 in
1145 1833 1352 1904 carminum
1384 1829 1634 1932 phallicorum
1658 1827 1755 1901 reei·.

143 1948 278 2019 tatione
295 1951 558 2044 versabantur,
601 1952 667 2040 sed
698 1952 834 2053 singuli
863 1954 1023 2031 invicem
1057 1979 1095 2027 se
1121 1952 1342 2052 excipiendo
1369 1973 1444 2041 eos,
1480 1948 1749 2049 'quiaderant

145 2067 328 2142 delectare
348 2071 545 2165 debebant,
560 2076 821 2176 opportunitas
839 2073 925 2149 data
942 2090 1031 2167 erat,
1051 2102 1126 2176 qua
1142 2098 1330 2148 sermones
1352 2071 1399 2145 de
1421 2072 1645 2172 argumentis
1665 2069 1750 2168 qui·

144 2189 304 2281 busdam
320 2191 448 2267 haberi
466 2211 624 2296 possent.
651 2195 757 2291 Quae
776 2211 897 2269 autem
913 2211 948 2271 et
966 2197 1092 2298 qualia
1108 2194 1262 2284 suerint,
1270 2219 1497 2293 quamquam
1516 2191 1750 2292 exploratum

144 2337 221 2384 non
245 2311 434 2405 habemus,
459 2308 579 2410 tamen
602 2321 765 2391 instituto
786 2312 915 2420 aptum
937 2317 1144 2416 suitatque
1168 2319 1403 2406 conveniens,
1430 2331 1471 2388 ut
1493 2313 1637 2413 histrio,
1657 2309 1751 2384 dum

145 2432 281 2506 chorus
307 2463 328 2505 a
353 2451 462 2508 cantu
488 2442 750 2537 requiesceret,
789 2455 852 2512 aut
882 2453 1065 2527 narraret,
1109 2463 1186 2537 quo
1220 2441 1304 2539 quis
1328 2425 1577 2524 irrideretur,
1618 2447 1681 2529 aut
1711 2458 1750 2505 se

148 2553 270 2655 ipsum
293 2555 436 2651 populo
452 2557 654 2635 ridendum
670 2560 879 2654 praeberet,
903 2558 1066 2655 denique
1086 2561 1227 2629 animos
1247 2580 1476 2654 quocunque
1498 2569 1620 2654 posset
1635 2551 1749 2625 modo

146 2686 303 2772 caperet.
357 2671 485 2769 ltaque
505 2669 586 2742 fieri
613 2677 748 2770 potuit,
775 2687 816 2744 ut
841 2676 933 2744 ratio
961 2699 1002 2743 ac
1027 2678 1087 2745 via
1105 2689 1260 2771 pateret,
1285 2700 1360 2772 qua
1375 2673 1536 2764 fabulae,
1559 2700 1655 2774 quae
1680 2671 1753 2746 hoc

145 2793 295 2864 nomine
315 2789 448 2890 dignae
465 2804 594 2881 essent,
613 2805 856 2891 emergerent,
871 2804 1113 2891 posteaquam
1127 2817 1207 2864 mos
1230 2808 1289 2867 τοῦ
1308 2799 1469 2884 ἰαμβίζειν
1478 2793 1753 2890 ἅλλῆλουςραυΙ-
1787 2786 1790 2794 ’

147 2915 250 2986 latim
283 2912 420 3011 negligi
454 2926 565 3011 atque
598 2912 761 3010 extingui
793 2913 983 3010 coepisset
1036 2909 1111 3004 Qui
1139 2938 1193 3002 ea,
1227 2922 1323 3009 'quae
1350 2908 1520 2983 adhunc
1544 2911 1670 2986 locum
1695 2912 1752 2988 di·

145 3035 385 3136 sputavimus,
412 3030 595 3108 indubiis
615 3029 752 3105 habere
777 3032 878 3122 velit,
912 3034 942 3104 is
967 3031 1203 3132 perpendere
1230 3029 1393 3121 debebit,
1418 3056 1494 3104 non
1519 3037 1643 3107 omnia
1668 3038 1753 3135 qui-
1865 3090 1870 3100 .

57 3232 64 3248 ,
149 3155 239 3228 dem
252 3180 339 3227 cum
354 3180 481 3225 rerum
499 3148 573 3224 fide
596 3151 732 3225 tradita
746 3178 836 3244 esse,
857 3168 893 3224 at
906 3176 996 3224 vero
1009 3179 1087 3224 non
1101 3152 1275 3243 defuisse,
1302 3153 1366 3252 qui
1387 3151 1542 3228 eandem
1557 3159 1751 3249 rationem,

54 3253 56 3256 ,
147 3304 222 3378 qua
245 3273 456 3349 comoediae
474 3275 634 3372 origines
658 3273 835 3373 explicari
856 3288 1020 3373 possent,
1043 3274 1160 3344 teneri
1184 3272 1333 3345 vellent.
1351 3270 1397 3330 24.
1427 3276 1560 3366 Restat,
1579 3293 1620 3349 ut
1639 3299 1753 3376 quae-
1812 3306 1815 3312 ·

147 3411 266 3487 ratur,
294 3397 415 3496 qualis
436 3393 587 3467 tandem
611 3392 726 3466 suerit
743 3394 807 3468 illa
826 3391 1040 3489 comoediae
1065 3399 1149 3486 ἀρχὴ
1173 3402 1470 3489 αὐτοσχεδιαστικὴ,
1493 3395 1569 3465 sive
1597 3394 1752 3468 interlu-

79 3566 84 3576 ·
148 3516 299 3591 diorum
340 3517 447 3605 rati0,
488 3515 626 3616 quibus
656 3514 770 3615 vulgo
802 3512 1053 3615 phallicorum
1078 3510 1332 3582 recitationem
1362 3511 1422 3583 vel
1449 3512 1754 3609 exordiebantur,

146 3641 209 3712 vel
236 3638 478 3738 excipiebant
529 3637 688 3709 Tametsi
714 3633 809 3707 nibil
834 3634 1007 3733 apposuit
1030 3630 1287 3733 philosophus,
1304 3658 1382 3732 quo
1408 3613 1502 3708 bane
1527 3663 1607 3710 rem
1632 3632 1753 3710 decla·

151 3777 261 3851 raret,
296 3775 417 3832 tamen
440 3784 516 3830 non
541 3758 704 3831 alienum
733 3756 803 3830 erit
827 3750 1025 3856 conjicere,
1057 3752 1121 3824 illa
1139 3750 1250 3824 rudia
1274 3759 1576 3843 αὕτοσχεδιᾰσματα
1600 3757 1698 3827 inter
1714 3783 1753 3831 se

151 3882 297 3955 diversa
313 3879 438 3970 fuisse,
454 3883 503 3952 ita
517 3893 558 3951 ut
570 3879 684 3952 modo
701 3877 908 3952 saltationes
924 3874 1101 3962 mimicas,
1113 3869 1228 3944 modo
1243 3868 1445 3969 petulantia
1458 3867 1625 3966 dicteria,
1639 3878 1754 3952 modo
1852 3858 1859 3875 ⁸

150 4003 444 4077 narratiunculas
458 3999 640 4101 joculares
654 3999 897 4071 continerent
909 3997 954 4053 ²5·
974 3997 1141 4107 Fortasse
1154 3993 1238 4093 plus
1251 3991 1360 4062 etiam
1373 3981 1465 4064 lueis
1478 3989 1565 4066 huic
1578 3997 1631 4096 rei
1647 3996 1755 4070 afful-

102 4101 106 4107 ⁵
151 4151 237 4224 gere
257 4127 406 4225 poterit,
422 4150 509 4197 cum
529 4121 755 4224 grammatici
773 4114 967 4219 cujusdam
980 4117 1096 4190 verba
1115 4112 1354 4203 audierimus,
1366 4111 1411 4170 26.
1437 4138 1532 4212 quae
1546 4117 1755 4217 itaeompa

70 4269 76 4275 ⁸
149 4273 440 4292 Μ.-

236 4344 282 4404 24.
306 4342 395 4405 Conf.
415 4342 540 4403 Vossius
559 4341 600 4402 ad
616 4341 727 4423 Virgil.
750 4342 862 4421 Georg.
884 4361 915 4421 p.
932 4334 1002 4400 401.
1045 4338 1247 4402 Thiersehins
1266 4335 1307 4398 ad
1326 4334 1418 4397 Pind.
1436 4336 1459 4396 l.
1484 4359 1515 4419 p.
1539 4333 1606 4401 1411.
1649 4343 1754 4410 Hem.

347 4446 387 4507 ad
404 4446 533 4506 aristot.
554 4457 638 4529 poet.
658 4468 727 4528 pag.
750 4441 818 4505 113.
842 4437 908 4503 114.
951 4440 1603 4529 0.Muellerittaoortrttttttrttuag11.
1638 4449 1754 4518 8347.

239 4556 284 4612 15.
303 4554 329 4614 J.
351 4549 481 4612 Casaab.
502 4548 540 4609 de
559 4560 654 4633 satyr.
675 4548 770 4632 poesi,
800 4569 869 4630 pag.
892 4544 938 4606 15.
962 4542 1009 4606 16.

239 4655 284 4715 26.
304 4652 407 4714 Schol.
429 4651 468 4712 ad
486 4649 641 4734 bristopb.
660 4651 793 4714 dcharn.
828 4675 856 4714 v.
881 4646 960 4712 242.-

686 4772 691 4794 .
856 4751 861 4756 ’
1245 4747 1266 4814 3
