4364 5536
895 405 1321 601 '·-÷1ss-„
1448 379 1450 383 ¹

286 660 548 764 tranquillitas,
575 662 677 738 deest
700 663 878 754 incitatio,
902 666 943 737 in
965 666 1081 739 veteri
1107 659 1299 741 comoedia
1320 663 1469 765 saepius
1489 686 1673 765 expressa.
1723 667 1786 742 Ne'
1805 673 1904 773 quis

285 811 376 859 vero
401 787 518 887 poetis
540 786 686 859 crimini
712 783 879 858 dandum
903 786 1119 878 arbitretur,
1141 784 1246 887 quod
1267 785 1645 888 talem'personarum
1668 785 1896 894 desenptio

286 933 373 979 nem
397 905 648 998 adhibuerint,
682 934 776 981 neve
803 908 989 1008 putaverit
1017 907 1173 980 minoris
1200 903 1421 998 faciendam,
1450 932 1538 982 cum
1558 910 1771 988 institutum
1793 912 1897 991 illud

287 1053 333 1100 en
357 1028 434 1127 ipsa
458 1042 571 1101 aetate
597 1027 808 1130 proiectum
832 1029 891 1120 sit,
924 1055 1028 1130 quae
1052 1029 1102 1103 ad
1121 1056 1297 1130 magnam
1321 1053 1470 1101 morum
1494 1032 1788 1132 perpolitionem
1807 1062 1896 1138 pen·

288 1163 451 1239 venerat,
476 1148 684 1250 habeatque
707 1149 856 1223 laudem
873 1176 989 1243 suam,
1010 1164 1106 1253 quae
1125 1151 1307 1252 pertineat
1324 1147 1385 1219 vel
1404 1145 1453 1223 ad
1474 1138 1670 1225 liberalem
1693 1155 1809 1229 animi
1824 1155 1896 1231 de·

291 1269 536 1362 lectationem,
563 1270 622 1344 vel
643 1271 691 1347 ad
717 1271 893 1347 alendum
912 1273 1104 1375 ingenium
1125 1286 1160 1346 et
1183 1266 1407 1360 acuendum,
1432 1285 1487 1362 ut,
1513 1298 1591 1375 quo
1616 1273 1704 1376 plus
1727 1274 1896 1363 muleris*

290 1392 502 1492 sapientiae,
529 1419 573 1466 eo
598 1392 685 1495 plus
712 1393 799 1485 inde
820 1391 968 1467 reseras.
1021 1393 1119 1466 Hinc
1144 1390 1241 1464 illud
1261 1389 1385 1464 Grotii
1414 1389 1572 1486 dictum,
1597 1395 1670 1470 alia
1694 1397 1734 1497 in
1753 1398 1895 1473 Teren·

290 1514 341 1587 tio
368 1512 498 1614 legere¹
512 1527 663 1615 pueros,
687 1515 758 1589 alia
780 1516 894 1608 iiros,
920 1511 1005 1590 cum
1028 1515 1275 1613 interrogatus
1300 1524 1404 1597 essct,
1430 1515 1613 1589 cantanti
1636 1542 1723 1593 eum
1738 1516 1894 1611 facem,

168 1684 171 1689 ·
293 1649 333 1707 ut
355 1659 481 1707 secum
509 1661 656 1736 semper
675 1633 801 1709 ferret.
853 1633 996 1730 Quidni
1026 1636 1126 1708 enim
1155 1631 1256 1707 hunc
1281 1631 1549 1733 philosophum
1572 1634 1760 1735 appellem
1788 1662 1893 1736 estm-

293 1779 367 1854 que
390 1778 466 1826 non
492 1755 818 1848 contemnendum,
855 1758 921 1859 qui
947 1755 1101 1859 quidem
1124 1757 1204 1829 sine
1229 1753 1471 1827 ostentatione
1495 1754 1648 1855 ingenii,
1682 1761 1893 1834 cumomni

202 1954 205 1958 ,
292 1874 406 1948 modo
430 1874 609 1967 elaboret,
637 1905 684 1951 ne
711 1878 920 1953 elaborasse
944 1877 1128 1970 videatur,
1153 1874 1248 1950 adeo
1270 1900 1359 1947 vera
1381 1872 1636 1968 ratiocinetur,
1669 1895 1706 1955 et
1732 1882 1771 1954 in
1795 1895 1897 1955 tanta

206 1977 209 1984 ¹
295 1996 504 2068 animorum
530 2012 640 2099 atque
667 2000 912 2081 voluntatum,
934 1999 1146 2074 diversitate
1176 1994 1287 2069 unius
1320 1991 1502 2096 cujusque
1536 2000 1671 2091 aetatis,
1706 2000 1901 2092 fortunae,

296 2112 532 2208 conditionis,
556 2117 716 2196 hominis
740 2118 903 2223 denique
927 2145 1049 2224 mores
1076 2145 1118 2193 ea
1141 2130 1220 2191 arte
1242 2116 1383 2217 pingat,
1409 2130 1452 2190 ut
1475 2130 1590 2193 totam
1608 2118 1767 2195 hominis
1793 2135 1906 2194 natu-

277 2265 377 2310 ·ram
397 2243 608 2333 excussisse,
628 2232 772 2317 abditos
794 2244 931 2344 ingenii
953 2241 1105 2315 humani
1127 2263 1291 2314 recessus
1315 2235 1537 2336 explorasse,
1569 2251 1706 2312 mentes
1727 2237 1904 2340 denique

296 2385 498 2460 sensusque
521 2363 755 2464 singulorum
780 2361 990 2462 degustasse
1013 2355 1210 2434 videatur?
1259 2357 1351 2439 Satis
1370 2356 1451 2431 sere
1471 2356 1611 2432 dictum
1633 2371 1726 2458 puto
1753 2355 1804 2432 de
1830 2360 1905 2435 Te·

203 2474 210 2485 ’
297 2483 405 2555 rentii
440 2496 517 2557 arte
547 2486 586 2558 in
622 2480 877 2558 describendis
910 2480 1090 2582 personis.
1141 2480 1235 2553 Sunt
1266 2493 1389 2552 autem
1422 2482 1490 2580 qui
1523 2477 1684 2553 eundem
1714 2495 1902 2572 accusent,

299 2600 404 2703 quod
429 2629 523 2703 quae
556 2603 721 2680 homines
750 2607 877 2708 turpia
907 2604 1029 2677 facere
1054 2601 1209 2694 soleant,
1242 2601 1292 2675 ob
1325 2601 1454 2674 oculos
1483 2612 1610 2703 ponat,
1642 2624 1731 2675 cum
1759 2598 1899 2691 dicunt,

299 2725 424 2825 turpia
451 2726 703 2803 commendari
727 2730 829 2818 vitia,
860 2724 979 2799 videri
1004 2725 1148 2811 tristem
1170 2737 1320 2825 patrum
1345 2724 1591 2814 severitatem,
1623 2720 1761 2831 induci¹
1775 2744 1894 2798 servos

300 2843 571 2939 fraudulentos,
589 2864 828 2950 corruptores
848 2844 1060 2946 juventutis,
1081 2859 1117 2917 et
1134 2845 1348 2918 meretrices
1369 2871 1501 2947 parum
1517 2843 1700 2931 honestas.
1739 2841 1789 2916 dt
1803 2864 1897 2915 vero

216 3010 221 3019 ·
301 2977 489 3036 teneamus
515 2969 680 3059 omnino,
721 2997 802 3042 rem
834 2971 882 3041 ita
914 2965 1067 3056 institui,
1109 2980 1150 3038 ut
1172 2965 1284 3067 plena
1306 2969 1353 3040 sit
1375 2957 1571 3038 honestatis
1596 2960 1706 3054 cura,
1733 2974 1778 3061 ut
1794 2954 1903 3062 ipsae

305 3106 460 3182 quoque
490 3090 700 3166 meretrices
735 3104 938 3193 appareant
969 3087 1209 3180 honestiores,
1247 3114 1361 3189 quam
1384 3086 1490 3177 alibi;
1530 3098 1618 3185 quo·
1632 3082 1778 3160 aceedit
1795 3109 1905 3158 vere·

306 3202 443 3279 cundia
462 3208 647 3308 quaedam
666 3209 865 3313 mollisque
884 3236 1011 3285 sensus
1034 3206 1125 3310 ejus,
1145 3207 1249 3311 quod
1269 3207 1401 3281 decere
1426 3206 1599 3297 dicimus,
1623 3202 1729 3305 cujus
1752 3202 1909 3306 quidem

304 3326 461 3426 pudoris
492 3330 604 3431 plura
641 3331 817 3407 habemus
850 3331 1090 3435 enemplassl·
1139 3331 1183 3405 In
1218 3328 1275 3404 his
1302 3329 1402 3402 enim
1431 3326 1813 3431 circumspiciendum
1842 3340 1910 3418 ast,

307 3464 448 3546 quanto
473 3475 559 3523 cum
584 3450 732 3553 pudore
752 3479 825 3542 res,
852 3478 947 3553 quae
970 3450 1191 3553 simpliciter
1214 3446 1313 3522 dicta
1335 3447 1520 3551 habuisset
1543 3447 1771 3557 fastidii-eut
1794 3446 1910 3522 offen·

307 3571 422 3643 sionis
445 3571 618 3664 multum,
643 3572 835 3647 molliatur
859 3574 984 3649 verbis
1009 3571 1297 3663 honestioribus,
1330 3569 1488 3644 indicata
1510 3569 1639 3670 magis,
1671 3593 1788 3669 quam
1811 3592 1911 3643 com·

275 3750 276 3755 ,
308 3709 524 3785 memorata,
553 3709 593 3768 ut
617 3707 726 3797 poeta
751 3694 934 3793 pictorem
960 3693 1068 3769 illum
1087 3708 1233 3769 secutus
1255 3692 1441 3784 videatur,
1467 3694 1532 3793 qui
1556 3686 1838 3766 obvolvendum
1854 3711 1912 3763 ea·

310 3814 380 3909 put
402 3811 688 3912 Agamemnonis
713 3815 854 3917 putarit
876 3814 1012 3915 potius,
1037 3841 1151 3916 quam
1173 3814 1351 3917 penicillo
1372 3812 1606 3887 imitandum.
1627 3855 1675 3870 -
1700 3806 1776 3887 Sed
1797 3805 1938 3910 majo,

310 3957 394 4005 rem
411 3933 520 4006 etiam
542 3935 691 4011 laudem
702 3935 857 4031 meruit,
885 3932 991 4035 quod
1008 3962 1157 4012 servare
1177 3934 1275 4012 illud
1293 3933 1425 4024 voluit,
1452 3931 1558 4041 quod
1578 3931 1721 4025 doceat,
1737 3926 1913 4032 'judicans

313 4080 359 4125 ex
383 4079 554 4155 persona,
579 4055 674 4158 quid
694 4082 844 4157 quaque
868 4055 1027 4160 dignum
1048 4062 1108 4152 sit,
1135 4075 1176 4134 ut
1196 4082 1323 4135 omnes
1348 4056 1389 4129 in
1409 4053 1557 4130 fabulae
1575 4052 1824 4157 perpetuitate
1843 4048 1912 4128 sibi

314 4191 481 4252 constare
505 4175 712 4254 videantur.
764 4176 850 4274 Qua
869 4177 917 4257 de
936 4207 979 4256 re
998 4183 1110 4285 plura
1134 4181 1338 4282 eademque
1355 4175 1548 4280 praeclara
1568 4173 1734 4252 Casalius
1750 4168 1812 4252 lais
1828 4198 1916 4254 ser·

400 4564 593 4633 ⁴hhndriu.
614 4569 684 4647 1,1.
705 4589 736 4629 v.
753 4565 803 4630 ὅθ.
824 4569 861 4633 11.
884 4566 921 4628 1.
936 4584 966 4626 v.
986 4560 1036 4625 25.
1065 4561 1210 4627 Enaacla
1228 4563 1281 4627 ΠΙ.
1295 4560 1325 4625 5.
1345 4559 1375 4625 6.
1500 4578 1505 4585 ·
