4364 5536
932 457 1239 551 -182-

285 672 444 747 imitatus
473 687 538 748 est
589 672 752 747 Omnino
778 685 900 746 autem
923 671 1160 747 statuendum
1181 686 1249 764 est,
1282 672 1367 748 illos
1392 673 1607 750 comoediae
1632 677 1814 781 prologos
1836 683 1905 759 nd.

285 794 478 898 Euripidis
518 798 756 870 imitationem
793 795 1016 896 compositos
1047 791 1160 867 luisse
1194 806 1305 892 atque
1342 795 1392 869 ita
1426 796 1625 889 institutos,
1661 813 1703 874 ut
1733 798 1887 879 fulmine

287 933 546 1016 argumentum
571 921 608 991 in
646 919 690 992 iis
715 933 778 992 aut
806 916 1000 990 obscurius
1023 912 1308 1014 significaretur,
1345 932 1409 991 aut
1434 918 1588 993 uberius
1624 939 1906 1022 exponeretur„
1940 988 1946 996 .

259 1086 266 1103 .
288 1035 361 1108 Sed
384 1038 446 1136 qui
470 1038 507 1109 in
533 1023 891 1111 hac'constitutione
915 1038 1091 1109 virtutem
1121 1035 1238 1108 inesse
1272 1034 1422 1129 dixerit,
1455 1039 1485 1112 is
1510 1036 1712 1140 deceptum
1733 1068 1775 1117 se
1798 1044 1892 1127 fate,-

190 1212 194 1221 .
288 1152 404 1244 bitur,
436 1182 523 1227 cum
553 1182 628 1229 non
661 1161 843 1258 pertineat
878 1154 927 1229 ad
964 1155 1051 1227 artis
1084 1155 1343 1253 praestantiam
1376 1156 1567 1231 declarare
1602 1165 1889 1261 spectatoribus,

290 1272 410 1372 qualis
444 1278 491 1348 sit
520 1303 646 1349 rorum
671 1278 850 1368 conditio,
876 1275 994 1375 qualis
1020 1270 1233 1371 processus,
1266 1274 1331 1372 qui
1357 1302 1403 1347 ex
1428 1278 1506 1377 ipsa
1529 1280 1676 1355 fabulae
1697 1290 1890 1386 perpetui-

293 1408 364 1466 tate
404 1396 558 1497 intelligi
597 1397 723 1472 debet:
752 1412 793 1470 ut
826 1411 965 1469 taceam
996 1395 1147 1466 nimiam
1187 1392 1485 1495 primordiorum
1521 1400 1807 1500 simplieitatem,
1841 1409 1891 1484 ab

223 1550 226 1555 ·
292 1506 537 1614 Aristophane
561 1519 599 1589 in
623 1521 734 1592 Ranis
755 1519 918 1622 graviter
941 1515 1217 1615 reprehensam.
1268 1517 1334 1589 Est
1357 1530 1478 1587 autem
1502 1519 1607 1616 quod
1629 1520 1773 1617 differat
1796 1527 1892 1604 haee

183 1684 186 1691 -
295 1636 388 1708 ratio
410 1637 697 1710 aRomanorum
716 1662 835 1728 more,
861 1651 901 1709 ut
913 1634 1119 1708 Euanthius
1146 1638 1185 1708 in
1209 1636 1265 1711 his
1284 1638 1363 1711 fere
1381 1637 1508 1712 tradit:
1523 1639 1550 1697 ⁹·
1586 1638 1756 1718 Graeci
1779 1672 1892 1747 pro-

297 1755 425 1857 logos
458 1782 548 1829 non
580 1756 751 1830 habent
782 1779 906 1827 more
938 1772 1229 1850 nostrorum,
1269 1786 1385 1861 quos
1410 1760 1572 1834 Latini
1607 1761 1792 1845 babent,
1841 1770 1891 1843 Hi

296 1881 396 1950 enim
419 1903 498 1948 rem
525 1878 572 1949 ita
598 1874 845 1965 instituebant,
873 1890 914 1949 ut
937 1877 1115 1977 prologus
1141 1879 1301 1952 elocutio
1326 1894 1420 1952 esset
1445 1879 1662 1977 antecedens
1688 1888 1821 1959 veram¹
1839 1887 1896 1962 sa-

297 1995 407 2069 bulae
433 1998 750 2098 compositionem,
791 1995 970 2097 cujusque
994 2001 1134 2098 species
1162 2014 1323 2099 quatuor
1355 2014 1485 2091 essent,
1528 2014 1570 2074 ut
1602 2017 1666 2075 aut
1696 2004 1826 2081 fabula
1859 2025 1900 2084 et

296 2133 404 2217 pocta
423 2118 757 2208 commendaretur,
789 2133 851 2191 aut
873 2118 1086 2194 adversario
1114 2118 1310 2193 maledicta
1331 2133 1366 2192 et
1385 2121 1522 2219 gratiae
1544 2121 1686 2221 populo
1707 2124 1903 2201 reserren-

298 2256 372 2330 tur,
387 2256 450 2313 aut
469 2241 617 2314 tabulae
643 2255 899 2339 argumentum
919 2257 1182 2340 exponeretur,
1205 2241 1369 2341 denique
1385 2244 1503 2315 omnia
1522 2240 1611 2315 haee
1642 2244 1903 2342 comprehen-

299 2360 488 2432 derentur.
511 2362 570 2430 Ex
587 2385 662 2456 quo
684 2360 916 2456 intelligitur,
930 2360 1106 2460 distingui
1122 2364 1232 2434 etiam
1251 2375 1423 2460 oportere
1442 2383 1560 2433 novae
1577 2359 1793 2435 comoediae
1806 2392 1901 2465 pro.

302 2480 429 2581 lo'gum
446 2479 491 2553 ab
517 2505 574 2569 ea,
589 2505 701 2579 quern
716 2475 931 2577 significarit
944 2478 1159 2553 Aristoteles
1175 2481 1212 2551 in
1228 2480 1430 2580 tragoedia,
1442 2464 1486 2536 ¹⁰3
1501 2476 1628 2551 dicens
1652 2485 1754 2567 μέρος
1772 2484 1851 2555 διον
1861 2496 1901 2557 τὸ

304 2604 365 2687 πρὸ
385 2612 487 2687 χοροῦ
510 2602 671 2687 nepisina:
714 2626 826 2700 quun
847 2599 972 2697 locum
986 2597 1254 2672 Eichstaedtius
1282 2601 1330 2672 ita
1357 2600 1632 2697 interpretatur,
1657 2614 1700 2672 ut
1718 2601 1899 2703 intelligat

302 2718 601 2791 dramaticum
638 2723 840 2792 actionis
876 2718 1272 2790 in·ductioncm.¹¹·
1324 2718 1429 2812 Quid
1453 2734 1643 2819 praeterea
1665 2723 1807 2819 egerint
1829 2748 1890 2795 no-

302 2864 368 2909 vac
393 2838 606 2911 comoediae
631 2843 842 2938 scriptores,
876 2852 916 2909 ut
938 2836 1064 2909 sabula
1089 2840 1343 2911 oeconomiam
1364 2840 1456 2909 tueri
1482 2855 1645 2938 possent,
1683 2840 1730 2915 de
1752 2866 1794 2913 eo
1816 2840 1891 2939 jam

305 2956 507 3028 dicendum
528 2973 590 3027 cst
641 2958 683 3027 ln
706 2985 778 3055 qua
800 2985 840 3027 re
861 2972 901 3027 ut
921 2983 1053 3027 verum
1073 2981 1324 3053 assequamur,
1349 2958 1721 3059 repetendumaltius
1739 2960 1895 3035 ridetur.

305 3077 474 3148 Primum
497 3077 665 3149 omnium
690 3090 853 3178 apparet,
881 3077 919 3148 in
945 3074 1019 3147 illis
1039 3072 1141 3162 locis,
1163 3077 1228 3148 ubi
1252 3080 1402 3153 actionis
1428 3084 1579 3159 cessatio
1598 3108 1676 3156 esse
1697 3080 1901 3175 videretur,

308 3202 345 3271 in
372 3197 582 3299 quibusque
605 3197 739 3273 chorus
764 3200 855 3272 olim
884 3224 1015 3272 canere
1036 3196 1185 3286 soleret,
1220 3201 1475 3298 grammaticos
1503 3198 1744 3300 adscripsisse
1773 3226 1904 3289 uocem

306 3330 417 3409 χοροῦ,
455 3319 493 3392 id
519 3321 623 3425 quod
661 3320 760 3395 cadit
790 3323 899 3393 etiam
931 3322 967 3392 in
1001 3344 1117 3391 novae
1152 3318 1363 3391 comoediae
1397 3321 1588 3392 rationem.
1663 3320 1785 3394 Habet
1808 3324 1905 3395 euim

307 3441 401 3510 ritae
428 3438 715 3538 Aristophaneus
739 3444 900 3541 scriptor
925 3438 1015 3511 haec
1042 3437 1235 3509 verba212·
1262 3442 1359 3508 πάλιν
1379 3448 1413 3510 δὲ
1435 3443 1656 3520 ἐκλελοιπότος
1683 3445 1740 3509 καί
1770 3452 1832 3511 ταῦ
1850 3472 1905 3531 χο-

308 3565 415 3637 ρηγεῖν
436 3555 491 3619 ro'r
510 3563 659 3621 Πλοῦτον
678 3559 808 3647 γράψας
830 3560 874 3632 εἰς
889 3556 925 3621 τὸ
948 3551 1205 3621 διαναπαύεσθαι
1224 3550 1264 3615 τὰ
1288 3553 1420 3636 aaaron&
1447 3552 1606 3639 πρόσωπα
1629 3555 1687 3633 ικαὶ
1713 3555 1904 3647 persuasuri-

310 3664 399 3739 orat,
422 3661 591 3746 ἐπιγράφει
616 3666 726 3746 χοροῦ,
746 3657 960 3746 φθεγγόμενος
983 3659 1016 3723 ἐν
1037 3657 1177 3735 ἐκείνοις,
1205 3656 1300 3719 tant
1319 3658 1444 3738 ὁρῶμεν
1462 3657 1537 3731 τούς
1556 3658 1647 3731 νέους
1670 3654 1927 3743 ἐπιγράψαντας.

309 3765 393 3831 alirn
417 3768 499 3856 ζήλῳ
517 3768 777 3856 Ἀριστοφάνους.
835 3764 981 3859 Quibus
1010 3766 1047 3836 in
1076 3763 1198 3836 vcrbis
1227 3763 1321 3862 quid
1349 3767 1465 3837 inesse
1490 3762 1673 3854 videatur,
1706 3765 1905 3838 obscurum

311 3910 480 3956 essenon
507 3899 637 3983 potest,
659 3912 744 3957 cum
768 3884 870 3983 nihil'
886 3883 989 3956 aliud
1010 3883 1229 3984 significent,
1251 3886 1319 3957 nisi
1345 3882 1449 3983 quod
1468 3881 1745 3983 Aristophanes,
1764 3884 1905 3959 sublata

311 4002 496 4105 choragia,
523 4005 561 4074 in
590 4005 639 4074 eis
665 4003 811 4077 fabulae
838 4005 1020 4106 partibus,
1049 4033 1142 4107 quae
1170 4003 1320 4078 clrorica
1344 4003 1506 4074 carmina
1529 4006 1637 4103 prius
1663 4007 1904 4093 continerent,

312 4132 506 4218 insinuent:
537 4132 687 4195 XOPOY
717 4124 857 4219 feeerit,
880 4127 1028 4200 'secutis
1049 4152 1168 4199 novae
1201 4120 1413 4203 comoediae
1439 4124 1569 4223 poetis,
1609 4128 1680 4226 qui¹
1703 4126 1833 4201 eadem
1857 4129 1908 4199 in-

446 4330 467 4338 --
471 4329 608 4340 “—

397 4452 424 4515 9.
444 4448 486 4512 ld
507 4450 640 4532 pag-98.
730 4450 774 4509 10.
795 4450 995 4532 Aristandri.
1014 4459 1101 4531 poet.
1120 4445 1228 4511 xltl.
1319 4450 1362 4507 ¹¹.
1383 4442 1576 4513 Eichstaedt.
1597 4444 1636 4507 de
1657 4444 1757 4508 dram.
1777 4408 1914 4510 crimino-

507 4554 653 4636 tatyrico,
688 4574 757 4636 pag.
776 4551 845 4614 tto.
938 4556 981 4613 12,
1001 4551 1093 4633 Apud
1112 4550 1255 4611 Diodori.
1275 4571 1344 4633 pag.
1367 4552 1463 4612 xvh.
