4364 5536
272 749 388 811 totam
414 728 616 807 deridendi
637 743 672 802 et
695 724 843 827 jocandi
868 729 1051 801 rationem
1076 728 1125 800 ita
1148 728 1364 822 instituerit,
1392 746 1434 804 ut
1455 758 1611 833 prorsus
1636 736 1790 814 confusa
1814 768 1878 843 ap·

271 869 399 957 pareat
430 867 543 954 atque
571 849 735 922 numeris
761 848 836 921 suis
863 848 1041 922 absoluta.
1094 848 1266 927 Cratinus
1292 873 1383 926 vero
1408 856 1552 930 acerbis
1578 859 1876 938 cavillationibus

271 973 500 1064 excelluisse,
534 971 717 1045 hilaritate
751 971 913 1043 caruisse
946 971 1184 1071 perhibetur3
1205 988 1207 993 '
1228 998 1392 1073 quocum
1422 977 1579 1077 Eupolis
1610 981 1661 1050 ita
1693 976 1876 1080 jungitur,

269 1097 377 1195 quasi
402 1089 562 1165 ridendo
587 1087 804 1191 jucundus,
828 1107 998 1166 versutus
1025 1095 1063 1167 in
1091 1093 1251 1168 dicendo
1277 1095 1420 1201 fuerit,¹¹
1445 1092 1638 1168 deficiente
1662 1100 1699 1169 vi
1723 1103 1873 1176 comica
1900 1119 1906 1129 '

162 1269 166 1275 ,
272 1215 423 1316 Optime
448 1229 580 1304 autem,
627 1211 723 1314 quid
749 1211 923 1285 differant
947 1213 1045 1284 inter
1068 1240 1108 1286 se
1131 1227 1205 1288 tres
1227 1219 1364 1289 summi
1389 1217 1534 1315 antiqui
1561 1221 1706 1317 generis
1731 1237 1874 1321 poetae,

269 1335 526 1436 grammaticus
549 1336 592 1406 ‘in
614 1333 672 1407 bis
697 1330 942 1433 exposuit:4⁶·
993 1345 1156 1427 Κρατῖνος
1174 1344 1336 1429 ου’στηρὸς
1354 1348 1415 1426 μὲν
1431 1354 1503 1420 ταῖς
1521 1346 1697 1430 λοιδορίαις
1719 1347 1815 1414 ἐστίν.
1836 1356 1876 1415 od
1957 1358 1963 1373 '

268 1452 340 1538 γάρ,
360 1451 468 1536 οἵσπερ
490 1451 507 1514 ά
526 1448 770 1537 Ἀριστοφάνης,
796 1450 974 1533 ἐπιτρέχειν
990 1447 1049 1531 τὴν
1065 1445 1163 1532 χάριν
1180 1457 1249 1521 τοῖς
1268 1445 1441 1529 σκώμμασι
1462 1459 1558 1531 ποιεῖ,
1587 1450 1625 1515 τά
1647 1451 1802 1536 φορτικὸν
1817 1459 1875 1539 τῆς

267 1553 483 1639 ἐπιτιμήσεως
505 1553 694 1638 διὰταύτης
715 1556 865 1638 άναιρῶν,
895 1554 965 1615 ἀλλ’
982 1552 1091 1635 ἅπλῶς
1115 1549 1269 1615 natuerat
1291 1550 1350 1634 την
1372 1550 1548 1635 παροιμίαν
1567 1560 1672 1641 γυμνῇ
1688 1561 1729 1643 τῇ
1750 1564 1876 1647 κεφαλῇ

266 1657 378 1744 π’θησι
395 1655 454 1733 τάς
473 1655 682 1740 βλασφημίας
702 1653 782 1721 κατὰ
800 1660 865 1721 τῶν
886 1651 1135 1739 ἁμαρτανόντων
1152 1667 1185 1718 et
1202 1678 1284 1739 quae
1305 1667 1489 1739 sequuntur.
1519 1649 1679 1739 (Εὔπολις)
1702 1654 1811 1744 ὥσπερ
1840 1662 1875 1725 δέ

266 1764 356 1830 ἐστιν
374 1760 511 1847 ὑψηλὸς,
535 1758 620 1824 οὕτω
644 1758 699 1823 καί
719 1755 875 1843 ἐπίχαρις,
904 1757 1055 1843 καὶπερὶ
1081 1755 1122 1822 τά
1147 1760 1314 1839 σκέμματα
1340 1756 1411 1822 λίαν
1435 1751 1607 1840 εὔστοχος.
1633 1757 1650 1822 d
1675 1761 1709 1823 δὲ
1728 1759 1874 1846 Ἀριστο·

179 1917 183 1920 -
266 1863 371 1953 φάνης
389 1864 445 1930 τὸν
464 1867 565 1946 μέσον
586 1860 719 1947 ἕληλακε
738 1865 804 1926 τῶν
822 1861 950 1943 ἀνδρῶν
968 1864 1157 1944 χαρακῆρα.
1180 1857 1254 1927 οὔτε
1278 1858 1339 1948 γάρ
1371 1860 1485 1946 πικράς
1510 1858 1582 1924 λίαν
1606 1859 1704 1943 ἐστίν,
1723 1859 1873 1950 αἳσπερὸ

265 1973 436 2055 Κρατῖνος,
463 1964 537 2056 οὔτε
555 1961 691 2053 χαρίεις,
712 1962 822 2049 ὥσπερ
843 1956 1024 2040 ὄΕάπολις,
1047 1960 1116 2023 άλλ’
1140 1963 1276 2043 ἔχεικαὶ
1294 1961 1376 2048 πρός
1390 1961 1466 2038 τούς
1481 1958 1723 2047 ἁμαρτάνοντας
1737 1960 1776 2030 τά
1791 1989 1873 2051 σφα·

264 2070 343 2158 δρὸν
362 2076 421 2137 τοῦ
442 2069 607 2156 Κρατίνου
627 2067 683 2135 καί
701 2065 737 2132 τό
757 2070 816 2152 τῆς
836 2062 1068 2153 ἕπιτρεχοάσης
1089 2060 1224 2150 χάριτος
1244 2061 1433 2140 Εάπόλιάος.

331 2257 444 2330 dam
476 2280 568 2328 vero
597 2238 813 2327 accedamus
839 2249 887 2326 ad
912 2247 1173 2351 explicandam
1197 2252 1392 2341 rationem,
1434 2252 1595 2351 quaein
1624 2278 1869 2354 personarum
1957 2301 1958 2304 =

262 2376 545 2462 adumbratione
569 2376 689 2473 posita
709 2387 776 2462 est,
801 2398 876 2470 qua
894 2368 999 2468 nihil⁸
1013 2372 1130 2469 possit
1148 2396 1224 2444 esse
1244 2375 1395 2471 gravius
1419 2373 1458 2445 in
1482 2372 1685 2449 dramatico
1705 2365 1869 2450 carmine

265 2511 302 2569 et
324 2493 489 2581 heroico,
514 2494 726 2592 praecipuis
750 2491 824 2562 illis
845 2489 1001 2588 quidem
1019 2493 1142 2588 poesis
1162 2492 1372 2589 generibus.
1424 2492 1531 2585 Quae
1551 2521 1733 2595 personae
1755 2498 1786 2571 si
1810 2523 1868 2570 ac·
1972 2562 1977 2582 ‚

263 2630 389 2691 curate
415 2611 695 2698 describuntur,
722 2605 831 2679 facile
857 2603 938 2676 fieri
966 2620 1099 2705 potest,
1126 2621 1168 2679 ut
1192 2609 1312 2705 ipsam
1336 2609 1497 2714 bominis
1527 2628 1698 2700 naturam
1723 2617 1867 2715 perspi·

259 2739 397 2817 ciamus
429 2746 541 2831 atque
570 2749 846 2827 cognoscamus,
887 2723 984 2822 quid
1008 2751 1067 2797 res
1093 2740 1265 2799 externae
1292 2731 1438 2802 ineam
1452 2731 1660 2822 valuerint,
1695 2731 1867 2834 quidque

259 2861 300 2934 in
318 2851 512 2931 sentiendo
527 2863 638 2951 atque
658 2844 801 2948 agendo
824 2869 975 2917 movere
995 2848 1169 2945 potuerit
1221 2847 1288 2920 Est
1308 2850 1423 2948 igitur
1443 2854 1595 2925 omnino
1615 2851 1882 2946 statuendum,¹

260 3003 322 3054 eos
345 2990 484 3078 poetas,
528 2970 594 3069 qui
623 2968 662 3039 in
688 2964 760 3038 hoc
791 2993 925 3067 genere
952 2965 1111 3066 gloriam
1134 2962 1258 3069 adepti
1284 2974 1372 3062 sint,
1409 2975 1550 3073 optime
1583 2969 1720 3045 docere
1744 2997 1865 3072 posse,

259 3121 422 3200 quonam
447 3089 591 3192 judicio
615 3085 662 3159 de
684 3086 860 3160 universo
885 3085 1078 3159 hominum
1103 3112 1238 3185 genere
1264 3103 1300 3162 et
1327 3089 1375 3163 de
1397 3093 1581 3165 nobismet
1605 3092 1697 3192 ipsis
1720 3095 1774 3165 uti
1801 3091 1883 3166 de?

258 3233 347 3295 seat.
398 3212 473 3291 Sed
491 3226 533 3285 ut
551 3209 764 3311 gravissima
786 3220 840 3279 est
859 3203 948 3277 haec
980 3231 1053 3296 res,
1078 3207 1129 3276 ita
1151 3219 1204 3278 est
1227 3203 1461 3282 difficillima.
1512 3212 1643 3311 Neque
1664 3213 1766 3285 enim
1784 3212 1865 3285 ullo

258 3340 374 3416 modo
398 3357 646 3438 personarum
669 3341 802 3400 natura
824 3339 923 3398 recte
948 3327 1193 3427 exprimetur,
1229 3326 1300 3397 nisi
1326 3330 1440 3398 totius
1463 3325 1658 3410 hominum
1684 3335 1782 3404 vitae
1803 3358 1865 3406 co-
1922 3387 1926 3400 .

259 3462 378 3565 gnitio
407 3470 535 3559 parata
558 3454 606 3526 sit
628 3464 739 3550 atque
758 3445 945 3545 indagatio
970 3448 1207 3522 et'ritiorum
1226 3461 1262 3520 et
1277 3448 1470 3540 virtutum,
1492 3475 1588 3550 quae
1607 3448 1656 3524 ad
1678 3450 1865 3552 agendum

257 3581 452 3685 impellere
477 3556 656 3652 soleant„
679 3573 736 3648 Ne
761 3571 846 3671 quis
875 3570 989 3670 igitur
1012 3570 1183 3660 miretur,
1223 3583 1360 3669 quanta
1393 3572 1441 3644 sit
1469 3571 1607 3671 ingenii
1632 3571 1862 3666 facultatum,

259 3732 355 3808 quae
379 3707 422 3776 in
444 3700 500 3774 his
520 3697 632 3771 rebus
651 3692 926 3781 desiderentur,
949 3691 1118 3792 penuria.
1170 3687 1275 3784 Quae
1298 3693 1337 3765 in
1357 3689 1428 3765 boc
1448 3718 1583 3792 genere
1606 3693 1766 3779 feliciter
1789 3691 1888 3779 ela--

256 3827 393 3903 horare
411 3820 566 3923 possint,
583 3813 783 3918 splendida
800 3828 888 3889 sunt
916 3813 1076 3912 ingenia,
1103 3823 1200 3909 quae
1222 3836 1340 3909 pauca
1365 3813 1621 3905 inveniuntur,
1635 3840 1719 3889 cum
1734 3817 1862 3893 multi.

255 3944 350 4020 tudo
376 3942 508 4044 populi
535 3934 808 4014 consuetudine
831 3956 980 4031 semper
1004 3926 1176 4020 ducatur,
1202 3932 1370 4036 quamvis
1394 3933 1524 4022 invita,
1550 3946 1661 4034 atque
1684 3938 1783 4014 vitiis
1808 3953 1862 4012 te-

255 4077 404 4152 neatur,
431 4086 526 4161 quae
546 4059 693 4145 benum
713 4051 896 4154 judicium
924 4046 1138 4150 impediant.
1174 4050 1264 4125 sed
1288 4053 1354 4151 qui
1376 4050 1466 4124 tales
1491 4055 1664 4146 existunt,
1679 4072 1721 4130 ut
1738 4058 1860 4158 probe

255 4187 475 4286 intelligant,
500 4179 629 4281 quales
655 4176 724 4277 ipsi
752 4175 849 4247 inter
874 4169 1039 4258 homines
1066 4171 1251 4245 constituti
1278 4173 1364 4262 sint,
1391 4173 1535 4273 quique
1558 4187 1657 4247 tanta
1676 4176 1788 4249 animi
1815 4178 1860 4250 li-

255 4312 397 4386 bertate
416 4314 589 4391 utuntur,
611 4310 752 4400 quanta
770 4296 811 4370 in
830 4291 973 4396 agendo
991 4289 1212 4389 requiritur,
1225 4318 1273 4366 ne
1293 4293 1458 4393 cuipiam
1477 4292 1632 4369 obnoxii
1649 4293 1859 4371 rideamur'·

337 4608 384 4669 ιο,
402 4605 494 4692 apua
512 4601 659 4680 ornum
679 4622 748 4687 pag.
761 4577 856 4666 uro
