4364 5536
648 517 1062 607 ·-—29-

320 733 393 803 Kal
408 728 516 816 λαβών
534 752 598 804 τις·
593 725 699 807 -aure,
721 723 899 813 περιδύσας
915 753 951 793 το
945 724 1139 814 ’Ἁμέτροι
1121 734 1210 793 orris
1227 731 1302 812 ἔχει,

317 830 405 917 Elea
424 832 498 908 darie
518 830 573 897 καὶ
591 823 764 956 noppripow
784 826 909 914 λόγοισι
931 830 1078 903 ποικίλαν
1100 838 1270 910 καλοῖς,

316 935 566 1017 Δυσπάλαιστος
587 930 634 1000 cdv
657 933 732 1009 τούς
753 933 870 1010 ἄλλους
890 934 1168 1041 eduaAue‘orovc'
1147 959 1328 1020 nauperes.

29 1042 35 1051 ⁴
119 1045 320 1145 Reliquum
343 1058 407 1133 est,
434 1055 476 1114 ut
499 1066 579 1114 rem
604 1042 835 1141 attingamus,
874 1068 969 1140 quae
989 1037 1202 1140 gravissima
1224 1040 1352 1122 haberi
1378 1045 1506 1144 possit,
1544 1047 1721 1147 quoniam

119 1150 321 1277 doctissimi
346 1164 419 1237 viri
442 1164 536 1236 mire
561 1164 658 1236 inter
685 1187 723 1234 se
754 1158 984 1233 dissentiunt.
1034 1161 1110 1236 Alii
1137 1165 1248 1255 enim,
1279 1180 1316 1237 et
1338 1169 1483 1255 testium
1508 1170 1721 1243 auctoritate

121 1271 157 1361 et
182 1312 249 1361 suo
277 1288 425 1387 ingenio
450 1281 567 1375 ducti,
593 1282 774 1386 peculiari
812 1278 912 1352 libro
940 1278 1019 1383 de
1013 1297 1147 1383 genere
1167 1282 1431 1386 Philosophieo
1454 1278 1722 1389 Epicharmum

119 1394 308 1509 scripsisse
336 1396 573 1506 judicarunt3
564 1403 632 1460 ·19.
669 1403 734 1477 alii
764 1401 805 1475 id
837 1404 988 1474 omnino
1017 1419 1188 1503 negantes
1222 1403 1496 1505 philosophicas
1528 1410 1722 1482 sententias

119 1524 321 1615 comoediis
343 1508 421 1629 ejus
442 1525 623 1597 immixtas
645 1521 757 1596 fuisse
780 1519 1070 1612 contenderunt3
1061 1521 1125 1578 *2⁰
1148 1522 1455 1623 quandoquidem
1474 1525 1554 1626 lege
1570 1529 1721 1601 omnino
1793 1606 1799 1617 ¹

118 1647 273 1745 vetitum
296 1638 423 1734 fuerit,
462 1668 533 1718 ne
528 1645 583 1738 ii,
619 1645 684 1745 qui
711 1671 750 1718 se
774 1642 992 1743 disciplinae
1018 1641 1358 1751 Pythagoraeorum
1380 1645 1583 1738 traderent,
1618 1652 1722 1748 quic-

118 1765 214 1868 quid
234 1762 475 1856 mdiiissent,
499 1763 631 1855 litteris
656 1791 821 1866 unquam
847 1762 1076 1837 mandarent.
1105 1763 1354 1837 Neutrorum
1377 1779 1496 1837 autem
1514 1770 1721 1860 sententias,

117 1904 161 1962 ut
186 1913 269 1962 cum
297 1889 425 1981 Tacito
452 1886 601 1986 loquar,
627 1899 690 1958 aut
714 1881 935 1959 confirmare
960 1900 1024 1958 aut
1043 1885 1216 1987 refellere
1236 1887 1421 1976 inanimo
1442 1898 1507 1974 est,
1536 1911 1619 1957 cum
1646 1913 1722 1961 non

118 2008 169 2082 ita
191 1994 235 2079 in
251 2000 306 2079 his
333 1992 631 2080 rebus¹iersatus
667 2008 750 2096 sim,
795 2021 835 2079 ut
860 2023 983 2078 meum
1013 2004 1209 2105 judicium,
1251 2005 1355 2104 quasi
1380 1996 1475 2076 inde
1492 2005 1568 2105 peti
1593 2000 1723 2105 possit,

119 2151 197 2228 quo
224 2152 283 2200 res
311 2120 518 2219 decidatur,
540 2152 755 2228 proponere
781 2109 946 2200 audeam.
999 2123 1074 2198 Sed
1093 2127 1140 2197 ne
1160 2123 1272 2225 plura
1289 2119 1487 2213 addantur,
1512 2124 1720 2217 redeamus,
1796 2122 1800 2127 ’

121 2245 224 2320 unde
249 2244 447 2338 declinavi,
481 2264 524 2322 ut
547 2243 757 2349 exponatur
782 2246 830 2339 de
858 2260 1163 2344 argumentorum
1186 2271 1335 2347 genere,
1360 2270 1455 2344 quae
1478 2245 1723 2346 Epicharmus

117 2392 196 2442 non
216 2369 298 2442 sine
318 2396 451 2468 magna
471 2386 549 2443 arte
567 2372 746 2444 tractavit.
797 2367 949 2468 Duplex
969 2383 1090 2443 autem
1115 2395 1230 2467 genus
1254 2393 1388 2440 eorum
1405 2366 1489 2457 fuit,
1517 2366 1723 2469 quod-sine
1762 2438 1765 2443 .
1871 2393 1876 2403 ’

119 2487 201 2558 ullo
229 2511 357 2556 errore
382 2478 539 2558 statuere
565 2491 765 2585 possimus,
810 2512 977 2586 quorum
999 2489 1172 2585 latissime
1198 2489 1346 2590 patebat
1372 2485 1424 2577 id,
1455 2487 1566 2587 quod
1591 2487 1638 2561 ad
1664 2516 1722 2561 res

94 2631 98 2638 ·
118 2603 304 2742 Mytlricas
323 2603 644 2677 accommodatum
658 2608 810 2676 omnino
827 2620 936 2696 esset;
957 2607 1187 2706 quod-quale
1205 2607 1332 2691 fuerit,
1351 2629 1579 2700 quamquam
1597 2622 1723 2705 postea

116 2724 233 2835 magis
251 2723 494 2822 intelligetur,
518 2736 642 2794 tamen
657 2725 809 2794 omnino
829 2722 1032 2794 tenendum
1052 2737 1117 2810 est,
1140 2723 1370 2792 narrationes
1392 2723 1489 2813 istas,
1514 2748 1606 2821 quas
1628 2726 1721 2833 dissi,

118 2847 349 2953 tragicorum
365 2843 571 2924 aliorumve
591 2852 789 2941 poetarum
802 2840 1010 2940 Mythicas
1000 2855 1049 2913 ita
1059 2839 1172 2913 fuisse
1186 2839 1279 2913 ad
1248 2867 1365 2914 risum
1379 2839 1555 2934 detortaS,
1569 2860 1611 2918 ut
1623 2870 1722 2921 com·
1720 2939 1723 2945 .

117 2964 274 3043 modum
291 2963 481 3068 praehere
488 2958 743 3062 spectaculum
758 2973 919 3058 possent.
947 2939 1063 3053 Quid
1073 2974 1195 3033 autem
1208 2984 1360 3034 movere
1379 2946 1527 3061 poetam
1543 2971 1722 3073 potuerit,

118 3089 211 3160 utin
226 3082 298 3179 hpc
313 3110 447 3185 genere
457 3081 692 3183 potissimum
707 3079 926 3169 elaboraret
942 3106 990 3179 pr
981 3077 1110 3152 oclive
1124 3078 1227 3154 dictu
1241 3106 1318 3154 non
1333 3072 1404 3154 erit
1403 3083 1619 3183 s,iquidem
1635 3114 1721 3162 con-

121 3205 357 3295 sideraveris,
396 3206 436 3276 in
464 3200 596 3275 eodem
616 3200 845 3301 periclitatos
869 3223 945 3269 esse
969 3200 1117 3296 priores
1141 3214 1280 3299 poetas,
1319 3226 1443 3300 neque
1466 3205 1519 3276 rei
1546 3206 1720 3305 publicae

82 3400 86 3405 .
123 3342 270 3423 statum,
300 3323 421 3426 qualis
438 3339 528 3397 tunc
545 3321 724 3420 temporis
745 3332 835 3408 erat,
862 3315 966 3389 aliud
981 3314 1172 3417 quoddam
1193 3317 1356 3391 laturum
1370 3318 1492 3392 fuisse
1544 3325 1619 3396 Per
1638 3326 1720 3399 l'on-

115 3473 212 3549 gum
233 3448 333 3521 enim
350 3459 510 3545 tempus,
539 3468 616 3544 quo
638 3441 914 3541 Megarensium
936 3437 1128 3511 comoedia
1151 3440 1303 3530 steterit,
1326 3454 1434 3515 testes
1452 3458 1539 3516 sunt
1556 3443 1722 3548 locuple-

117 3567 262 3691 tissimi,
287 3560 468 3641 summam
490 3565 637 3665 imperii
628 3561 770 3634 fuisse
796 3556 898 3662 apud
918 3560 1123 3697 optimates,
1147 3559 1213 3659 qui
1235 3556 1335 3631 haud
1358 3560 1466 3636 facile
1490 3580 1719 3667 paterentur,
1770 3576 1773 3585 “

91 3684 166 3758 .ne
192 3685 262 3785 ipsi
291 3682 483 3780 haberent,
522 3680 628 3785 quod
648 3696 869 3799 metuerent,
908 3695 950 3753 ut
973 3681 1090 3755 nimia
1116 3693 1207 3752 esset
1230 3696 1425 3781 poetarum
1447 3683 1606 3778 licentia,
1645 3716 1720 3790 qua
1825 3767 1828 3770 ,
1886 3750 1895 3761 ,

118 3802 284 3907 singulos
311 3827 496 3904 quosque,
526 3829 622 3913 quos
647 3771 799 3923 vellent,
827 3805 1009 3904 exagitare
1035 3812 1194 3901 possent.
1247 3796 1352 3893 Quid
1377 3816 1500 3875 autem
1523 3801 1646 3882 dicam
1671 3807 1718 3883 de

119 3921 275 3997 Gelonis
299 3936 336 3995 et
358 3924 532 4000 Hieronis
557 3909 720 3999 ratione?
755 3927 820 4026 qui
843 3948 1072 4026 quamquam
1092 3945 1195 4022 reges
1217 3920 1323 3994 suere
1347 3938 1382 3995 et
1405 3894 1660 4001 humanitate
1651 3958 1717 4004 ιιιι-

97 4022 199 4118 rbuli
228 4057 264 4117 et
296 4042 444 4180 imperii
469 4042 672 4144 splendore
698 4045 893 4146 gloriaque
926 4057 1164 4179 praestantes,
1188 4056 1310 4114 tamen
1329 4042 1429 4117 ferre
1460 4049 1613 4147 omnino
1641 4077 1716 4125 non

116 4175 303 4267 poterant,
326 4164 355 4236 si
378 4165 463 4262 quis
482 4177 591 4262 poeta
614 4164 780 4264 singulos
800 4162 1025 4267 carpendo
1016 4163 1162 4263 imperii
1181 4159 1405 4260 majestatem
1427 4191 1470 4238 ac
1488 4171 1717 4248 severitatem

120 4285 269 4361 laedere
294 4279 416 4356 vellet.
466 4280 594 4381 Itaque
620 4308 708 4356 cum
730 4285 814 4357 satis
839 4287 1002 4385 angustis
1025 4284 1305 4384 circumscripta
1323 4282 1515 4362 comoedia
1537 4284 1716 4369 limitibus

205 4534 249 4593 ts.
270 4531 414 4595 Mueller.
438 4527 470 4588 in
490 4529 561 4619 libr.
586 4533 707 4615 saepius
729 4533 846 4598 laudat.
867 4558 938 4620 pag.
959 4533 1029 4599 359.

203 4635 251 4696 2⁰.
273 4634 401 4717 Grysar.
420 4639 540 4716 quaest.
561 4632 600 4698 de
618 4636 695 4721 Dor.
716 4627 803 4701 Con'u
823 4660 892 4722 pag.
915 4636 983 4701 1⁰8.
1001 4661 1085 4724 seqq.
