4364 5536
301 678 552 772 traderentur,
578 702 761 781 quaeque,
785 700 873 751 cum
897 671 1070 747 latissime
1093 674 1277 772 paterent,
1300 669 1350 745 ad
1373 672 1487 747 totius
1510 670 1704 751 sermonis
1718 690 1898 757 natum

299 799 507 901 plurimum
531 815 689 900 possent
740 798 839 871 Jam
849 818 940 868 vero
967 818 1014 865 ex
1038 793 1103 885 ais,
1130 819 1226 892 quaa
1250 791 1437 893 disputata
1459 806 1561 884 sunt,
1585 796 1673 870 satis
1691 812 1796 873 certo
1816 794 1900 873 effi·
1958 898 1963 907 ῃ

176 970 182 978 ·
300 921 411 1010 citur,
447 917 540 1019 quid
565 919 796 1019 potissimum
821 917 860 989 in
886 916 955 989 isto
979 938 1149 987 sermone
1176 914 1292 987 inesse
1316 907 1501 1001 videatur,
1538 925 1603 986 aut
1626 912 1749 1012 qualis
1774 942 1902 993 sermo

298 1037 426 1130 suerit,
461 1040 528 1140 qui
557 1052 638 1112 tum
669 1035 847 1135 temporis
880 1035 1006 1133 vigere
1040 1032 1213 1132 coeperit.
1264 1029 1331 1104 Est
1361 1032 1462 1104 enim
1490 1032 1555 1106 ille
1587 1034 1744 1135 quidem
1771 1036 1903 1115 mollis

299 1158 452 1261 quidam
484 1173 521 1232 et
543 1156 745 1245 remissior,
756 1155 781 1211 ⁷·
817 1154 993 1227 conflatus
1023 1180 1070 1226 ex
1094 1155 1158 1243 eis,
1194 1176 1290 1250 quae
1317 1178 1339 1222 a
1369 1148 1581 1231 rhetoribus
1605 1170 1643 1228 et
1664 1153 1901 1258 philosophis

298 1279 493 1355 commode
518 1279 618 1353 dicta
643 1290 773 1365 essent,
783 1274 812 1335 ⁸·
839 1274 944 1374 cujus
969 1272 1182 1373 exemplum
1206 1269 1384 1344 habemus
1407 1271 1446 1342 in
1469 1271 1665 1367 Phalereo,
1696 1278 1778 1376 qui,
1809 1303 1903 1353 cum

295 1422 374 1475 non
407 1414 483 1473 tam
511 1400 621 1473 armis
646 1397 831 1471 institutus
858 1409 963 1486 esset,
999 1421 1112 1496 quam
1136 1390 1330 1493 palaestra,
1369 1395 1680 1496 processissetque
1703 1422 1752 1469 ex
1772 1396 1902 1473 Theo-

296 1517 449 1619 phrasti,
466 1516 664 1593 doctissimi
685 1516 856 1607 hominis,
879 1515 1120 1603 umbraculis,
1139 1514 1284 1613 primus
1304 1510 1505 1587 inflecteret
1523 1518 1729 1590 orationem
1752 1530 1790 1591 et
1813 1544 1901 1591 eam

282 1638 449 1729 ,mollem
471 1653 710 1737 teneramque
729 1633 917 1726 redderet,
936 1628 978 1709 ut
995 1635 1117 1708 suavis
1137 1631 1257 1706 videri
1278 1633 1418 1725 mallet,
1445 1659 1560 1735 quam
1579 1638 1714 1736 gravis,
1735 1635 1902 1713 delecta-
1963 1734 1968 1741 Ι

266 1852 272 1861 .
296 1772 428 1858 ratque
453 1759 568 1857 magis
586 1754 840 1844 Athenienses,
866 1780 980 1853 quam
1005 1754 1257 1827 inflammaret
1270 1755 1297 1813 9.
1331 1752 1410 1828 Sed
1436 1758 1544 1830 etiam
1568 1757 1630 1832 alii
1655 1758 1783 1858 plures
1809 1783 1900 1833 can·

295 1875 383 1952 dem
407 1881 589 1952 rationem
619 1892 785 1965 tenuere,
822 1888 865 1947 ut
895 1872 1058 1972 vulgaris
1086 1871 1159 1946 dici
1186 1877 1312 1975 possit,
1350 1890 1504 1977 excepto
1529 1903 1607 1951 uuo
1630 1876 1899 1971 Demosthene,

293 1999 375 2098 qui,
405 2024 491 2072 cum
513 1999 680 2099 flagranti
707 1997 848 2097 patriae
877 2017 1002 2065 amore
1021 1994 1242 2067 excitaretur
1264 2013 1523 2098 pugnaretque
1548 2024 1620 2100 pro
1647 1998 1764 2073 salute
1791 2023 1900 2074 com.

292 2118 410 2209 muni,
451 2122 601 2219 gravior
633 2140 710 2189 esse
744 2113 869 2206 vellet,
903 2129 946 2188 ut
978 2130 1238 2218 assequeretur
1270 2117 1309 2189 in
1339 2117 1499 2192 dicendo
1531 2121 1833 2220 perspicuitatem
1858 2136 1902 2205 et

292 2237 566 2329 sublimitatem,
596 2235 870 2337 simplicitatem
895 2250 931 2308 et
956 2250 1141 2326 ornatum,
1166 2235 1370 2323 claritatem
1395 2254 1431 2314 et
1453 2240 1681 2330 brevitatem,
1704 2236 1901 2335 subtilius·
1963 2308 1967 2313 .

292 2370 368 2430 tem
385 2371 420 2429 et
437 2355 770 2445 soliditatemalia
790 2352 954 2451 ejusdem
972 2357 1128 2451 generis.
1180 2357 1319 2428 Totum
1336 2359 1452 2457 igitur
1463 2357 1619 2439 ,dicendi
1636 2381 1766 2457 genus,
1785 2356 1897 2459 quod

181 2464 184 2469 ’
291 2501 399 2575 saepe
425 2475 595 2565 dicimus,
618 2476 668 2547 ita
680 2474 899 2569 institutum
923 2486 989 2561 est,
1015 2485 1056 2543 ut
1079 2470 1239 2545 facetum
1258 2489 1359 2548 recte
1382 2477 1541 2566 dicatur,
1564 2474 1700 2550 florens
1723 2478 1837 2553 etiam
1854 2494 1893 2553 et

289 2599 450 2672 suaviter
470 2610 656 2686 ornatum,
673 2596 713 2668 in
733 2617 809 2695 quo
830 2604 955 2663 acutae
976 2588 1205 2690 crebraeque
1222 2597 1422 2669 sententiae
1441 2609 1643 2696 ponantur,
1657 2596 1718 2668 cui
1738 2594 1889 2697 adsper-

290 2731 427 2817 guntur
453 2715 559 2804 sales,
598 2717 666 2814 qui
698 2715 857 2786 nimium
887 2725 1069 2810 quantum
1100 2711 1258 2804 valeant,
1298 2716 1438 2815 quique
1465 2715 1505 2786 in
1528 2713 1718 2789 narrando
1741 2715 1881 2817 aliquid

289 2850 454 2924 venuste,
493 2847 555 2906 aut
588 2834 627 2905 in
657 2830 828 2931 jaciendo
859 2829 1117 2929 mittendoque
1148 2833 1312 2908 ridiculo
1346 2834 1604 2907 adhibeantur.
1660 2832 1747 2909 vult
1771 2838 1881 2910 etiarn

290 2982 416 3032 omnes
441 2956 616 3027 orationis
641 2968 762 3052 partes
789 2955 836 3025 ita
861 2950 1017 3051 jungere
1040 2967 1077 3026 et
1101 2968 1310 3046 contexere,
1336 2970 1379 3029 ut
1399 2956 1598 3028 venustatis
1619 2956 1777 3057 spadam
1798 2980 1888 3030 oon·

290 3076 416 3151 cilient
433 3070 799 3177 pulcritudinemque
818 3073 1033 3172 plurimam,
1048 3080 1160 3148 ‘utens
1178 3075 1302 3148 verbis
1322 3075 1481 3164 sonoris,
1502 3074 1681 3166 laevibus,
1697 3074 1889 3168 mollibus,

289 3223 419 3270 cavens
442 3195 594 3267 omnino
619 3219 675 3282 ea,
695 3220 790 3293 quae
814 3221 900 3266 cum
916 3196 1109 3293 asperitate
1133 3209 1169 3267 et
1188 3194 1339 3268 audacia
1359 3211 1597 3296 usurpentur.
1647 3196 1892 3273 Animadver-

286 3317 444 3392 tendum
468 3330 521 3389 est
546 3315 666 3401 etiam,
693 3341 750 3386 eas
771 3311 905 3414 figuras
931 3314 1082 3388 dicendi
1113 3315 1296 3406 adhiberi,
1321 3342 1416 3416 quae
1444 3315 1621 3391 delicatae
1641 3320 1716 3393 sint
1741 3334 1779 3393 et
1796 3316 1891 3393 mol-

201 3534 206 3541 ·
288 3439 354 3530 les,
377 3439 523 3512 exclusa
543 3435 720 3536 gravitate
744 3448 779 3504 at
798 3431 978 3532 pondere,
1006 3436 1045 3507 in
1071 3433 1207 3534 quibus
1225 3436 1311 3509 insit
1328 3438 1489 3513 multum
1515 3440 1701 3514 lenocinii.
1753 3438 1890 3515 Omnia

287 3559 390 3650 haec,
416 3556 583 3660 quaeda
612 3553 844 3626 Graecorum
868 3576 1038 3625 sermono
1064 3549 1217 3653 ejusque
1242 3558 1442 3631 mutatione
1470 3558 1694 3653 dictasunt,
1720 3562 1889 3637 similitu·

288 3676 376 3752 dine
399 3673 679 3777 quodammodo
700 3670 883 3745 accedunt
905 3669 954 3744 ad
973 3671 1093 3743 Latini
1117 3675 1294 3747 sermonis
1311 3678 1503 3769 rationem,
1525 3694 1567 3752 ut
1585 3706 1664 3753 non
1678 3684 1727 3756 sit
1745 3683 1887 3775 inutile,

267 3800 521 3873 ·contentiono
545 3794 707 3896 quadam
731 3807 768 3866 et
786 3795 1060 3892 comparatione
1080 3793 1187 3882 lacta,
1206 3790 1315 3892 hujus
1338 3797 1392 3868 rei
1411 3801 1666 3897 quaestionem
1687 3804 1886 3877 instituere.

255 4018 259 4027 Ι
289 3915 365 3993 Sed
408 3941 451 3987 ea
487 3918 656 4013 quamvis
696 3913 1011 3987 fructuosissimae
1050 3912 1307 4014 disputationis
1343 3931 1602 4018 argumentum
1637 3924 1888 4027 suppeditent,

288 4052 445 4140 propter
469 4039 647 4136 temporis
674 4037 856 4136 angustias
884 4050 920 4109 et
942 4034 1153 4109 studiorum
1177 4062 1349 4111 meorum
1373 4043 1555 4115 rationem
1579 4059 1641 4119 aut
1666 4046 1748 4120 aliis
1772 4046 1889 4121 relin-

289 4153 455 4257 quenda,
482 4169 544 4227 aut
567 4156 663 4229 mihi.
686 4159 754 4258 ipsi
782 4161 820 4232 in
845 4157 947 4230 aliud
974 4171 1119 4257 tempus
1145 4152 1368 4232 reservanda
1393 4165 1531 4262 putavi.
1583 4168 1741 4266 Pergam
1765 4180 1888 4242 autem

288 4275 337 4349 ad
361 4275 507 4373 reliqua
534 4276 767 4376 explicanda,
804 4292 846 4352 ut
868 4291 1059 4379 appareat,
1098 4291 1279 4375 quantum
1312 4279 1388 4354 duo
1413 4285 1606 4385 praecipui
1626 4286 1715 4360 novi
1740 4282 1887 4387 generis

373 4526 398 4587 7.
418 4526 467 4589 De
488 4537 567 4589 orat.
589 4531 625 4591 ll.
639 4528 689 4591 23.
755 4531 799 4622 Ι8.
818 4530 868 4594 De
890 4528 1009 4593 invent
1029 4530 1065 4592 ll·
1080 4526 1112 4593 3.
1200 4531 1227 4592 9.
1244 4531 1376 4609 Brute.
1398 4537 1481 4600 conf.
1495 4539 1586 4603 Orat.
1605 4538 1657 4604 275
1673 4541 1724 4605 Dr
1744 4540 1795 4603 off.
1816 4543 1840 4623 l,
1855 4542 1887 4609 1.
