<?xml version="1.0" encoding="UTF-8"?>
<!DOCTYPE html PUBLIC "-//W3C//DTD XHTML 1.0 Transitional//EN"
    "http://www.w3.org/TR/xhtml1/DTD/xhtml1-transitional.dtd">
<html xmlns="http://www.w3.org/1999/xhtml" xml:lang="en" lang="en">
 <head>
  <title>
</title>
<meta http-equiv="Content-Type" content="text/html;charset=utf-8" />
  <meta name='ocr-system' content='tesseract 3.04.00' />
  <meta name='ocr-capabilities' content='ocr_page ocr_carea ocr_par ocr_line ocrx_word'/>
</head>
<body>
  <div class='ocr_page' id='page_1' title='image "./detriumquaegrae00roedgoog_0185.png"; bbox 0 0 4364 5536; ppageno 0'>
   <div class='ocr_carea' id='block_1_1' title="bbox 936 470 1243 561">
    <p class='ocr_par' dir='ltr' id='par_1_1' title="bbox 936 470 1243 561">
     <span class='ocr_line' id='line_1_1' title="bbox 936 470 1243 561; baseline -0.003 0"><span class='ocrx_word' id='word_1_1' title='bbox 936 470 1243 561; x_wconf 82' lang='lat'><strong>-172—</strong></span> 
     </span>
    </p>
   </div>
   <div class='ocr_carea' id='block_1_2' title="bbox 242 685 1922 1279">
    <p class='ocr_par' dir='ltr' id='par_1_2' title="bbox 242 685 1922 1279">
     <span class='ocr_line' id='line_1_2' title="bbox 289 685 1922 803; baseline -0.004 -26"><span class='ocrx_word' id='word_1_2' title='bbox 289 696 437 803; x_wconf 76' lang='lat' dir='ltr'>luptate&#39;</span> <span class='ocrx_word' id='word_1_3' title='bbox 452 697 648 787; x_wconf 87' lang='lat' dir='ltr'>abstinere,</span> <span class='ocrx_word' id='word_1_4' title='bbox 682 714 809 767; x_wconf 87' lang='lat' dir='ltr'>omnes</span> <span class='ocrx_word' id='word_1_5' title='bbox 831 690 997 764; x_wconf 83' lang='lat' dir='ltr'><strong>miserias</strong></span> <span class='ocrx_word' id='word_1_6' title='bbox 1022 685 1163 781; x_wconf 87' lang='lat' dir='ltr'>subire,</span> <span class='ocrx_word' id='word_1_7' title='bbox 1205 687 1340 790; x_wconf 87' lang='lat' dir='ltr'>quibus</span> <span class='ocrx_word' id='word_1_8' title='bbox 1364 688 1516 792; x_wconf 89' lang='lat' dir='ltr'>culpam</span> <span class='ocrx_word' id='word_1_9' title='bbox 1543 693 1632 785; x_wconf 89' lang='lat' dir='ltr'>luat,</span> <span class='ocrx_word' id='word_1_10' title='bbox 1666 716 1763 794; x_wconf 84' lang='lat' dir='ltr'>quae</span> <span class='ocrx_word' id='word_1_11' title='bbox 1786 698 1922 780; x_wconf 74' lang='lat' dir='ltr'>omui¹</span> 
     </span>
     <span class='ocr_line' id='line_1_3' title="bbox 242 810 1895 927; baseline -0.004 -30"><span class='ocrx_word' id='word_1_12' title='bbox 242 882 245 887; x_wconf 87' lang='grc'>.</span> <span class='ocrx_word' id='word_1_13' title='bbox 290 846 410 927; x_wconf 89' lang='lat' dir='ltr'>poena</span> <span class='ocrx_word' id='word_1_14' title='bbox 432 817 553 921; x_wconf 88' lang='lat' dir='ltr'>major</span> <span class='ocrx_word' id='word_1_15' title='bbox 576 817 646 893; x_wconf 90' lang='lat' dir='ltr'>sibi</span> <span class='ocrx_word' id='word_1_16' title='bbox 660 814 839 890; x_wconf 84' lang='lat' dir='ltr'>videatur.</span> <span class='ocrx_word' id='word_1_17' title='bbox 855 814 900 874; x_wconf 77' lang='lat'>⁵4·</span> <span class='ocrx_word' id='word_1_18' title='bbox 950 812 1026 887; x_wconf 89' lang='lat' dir='ltr'>Nec</span> <span class='ocrx_word' id='word_1_19' title='bbox 1048 836 1140 885; x_wconf 85' lang='lat' dir='ltr'>vero</span> <span class='ocrx_word' id='word_1_20' title='bbox 1165 810 1252 885; x_wconf 89' lang='lat' dir='ltr'>latet</span> <span class='ocrx_word' id='word_1_21' title='bbox 1268 810 1359 884; x_wconf 92' lang='lat' dir='ltr'>haec</span> <span class='ocrx_word' id='word_1_22' title='bbox 1379 811 1565 887; x_wconf 79' lang='lat' dir='ltr'>calamitas</span> <span class='ocrx_word' id='word_1_23' title='bbox 1585 813 1764 906; x_wconf 80' lang='lat' dir='ltr'>vicinum,</span> <span class='ocrx_word' id='word_1_24' title='bbox 1783 814 1895 919; x_wconf 88' lang='lat' dir='ltr'>cujus</span> 
     </span>
     <span class='ocr_line' id='line_1_4' title="bbox 289 932 1910 1038; baseline -0.002 -19"><span class='ocrx_word' id='word_1_25' title='bbox 289 942 548 1019; x_wconf 79' lang='lat' dir='ltr'>benevolentia</span> <span class='ocrx_word' id='word_1_26' title='bbox 568 963 656 1038; x_wconf 87' lang='lat' dir='ltr'>erga</span> <span class='ocrx_word' id='word_1_27' title='bbox 674 953 799 1010; x_wconf 85' lang='lat' dir='ltr'>senem</span> <span class='ocrx_word' id='word_1_28' title='bbox 822 949 920 1008; x_wconf 90' lang='lat' dir='ltr'>tanta</span> <span class='ocrx_word' id='word_1_29' title='bbox 945 950 1011 1027; x_wconf 87' lang='lat' dir='ltr'>est,</span> <span class='ocrx_word' id='word_1_30' title='bbox 1038 950 1081 1007; x_wconf 91' lang='lat' dir='ltr'>ut</span> <span class='ocrx_word' id='word_1_31' title='bbox 1102 961 1122 1005; x_wconf 91' lang='lat' dir='ltr'>a</span> <span class='ocrx_word' id='word_1_32' title='bbox 1147 932 1337 1007; x_wconf 78' lang='lat' dir='ltr'>laboribus</span> <span class='ocrx_word' id='word_1_33' title='bbox 1362 934 1586 1009; x_wconf 77' lang='lat' dir='ltr'>sustinendis</span> <span class='ocrx_word' id='word_1_34' title='bbox 1616 962 1794 1012; x_wconf 80' lang='lat' dir='ltr'>revocare</span> <span class='ocrx_word' id='word_1_35' title='bbox 1816 932 1910 1015; x_wconf 69' lang='lat' dir='ltr'>stu-³</span> 
     </span>
     <span class='ocr_line' id='line_1_5' title="bbox 293 1053 1893 1159; baseline -0.001 -22"><span class='ocrx_word' id='word_1_36' title='bbox 293 1064 393 1155; x_wconf 85' lang='lat' dir='ltr'>deat3</span> <span class='ocrx_word' id='word_1_37' title='bbox 429 1058 496 1135; x_wconf 88' lang='lat' dir='ltr'>sed</span> <span class='ocrx_word' id='word_1_38' title='bbox 521 1057 652 1131; x_wconf 83' lang='lat' dir='ltr'><strong>infelix</strong></span> <span class='ocrx_word' id='word_1_39' title='bbox 676 1071 782 1156; x_wconf 91' lang='lat' dir='ltr'>pater</span> <span class='ocrx_word' id='word_1_40' title='bbox 806 1056 870 1128; x_wconf 76' lang='lat' dir='ltr'>vix</span> <span class='ocrx_word' id='word_1_41' title='bbox 895 1084 916 1128; x_wconf 93' lang='lat' dir='ltr'>a</span> <span class='ocrx_word' id='word_1_42' title='bbox 939 1080 978 1129; x_wconf 88' lang='lat' dir='ltr'>se</span> <span class='ocrx_word' id='word_1_43' title='bbox 1003 1057 1205 1155; x_wconf 89' lang='lat' dir='ltr'>impetrare</span> <span class='ocrx_word' id='word_1_44' title='bbox 1229 1067 1361 1153; x_wconf 91' lang='lat' dir='ltr'>potest,</span> <span class='ocrx_word' id='word_1_45' title='bbox 1393 1066 1436 1124; x_wconf 92' lang='lat' dir='ltr'>ut</span> <span class='ocrx_word' id='word_1_46' title='bbox 1460 1081 1481 1123; x_wconf 90' lang='lat' dir='ltr'>a</span> <span class='ocrx_word' id='word_1_47' title='bbox 1506 1053 1643 1128; x_wconf 89' lang='lat' dir='ltr'>sudore</span> <span class='ocrx_word' id='word_1_48' title='bbox 1671 1061 1893 1159; x_wconf 77' lang='lat' dir='ltr'>requiescet,</span> 
     </span>
     <span class='ocr_line' id='line_1_6' title="bbox 291 1172 1895 1279; baseline -0.001 -22"><span class='ocrx_word' id='word_1_49' title='bbox 291 1184 383 1257; x_wconf 83' lang='lat' dir='ltr'>dum</span> <span class='ocrx_word' id='word_1_50' title='bbox 408 1206 556 1256; x_wconf 88' lang='lat' dir='ltr'>eausam</span> <span class='ocrx_word' id='word_1_51' title='bbox 578 1176 665 1251; x_wconf 90' lang='lat' dir='ltr'>mali</span> <span class='ocrx_word' id='word_1_52' title='bbox 685 1176 809 1248; x_wconf 85' lang='lat' dir='ltr'>vicino</span> <span class='ocrx_word' id='word_1_53' title='bbox 833 1176 1049 1248; x_wconf 84' lang='lat' dir='ltr'>narraverit.</span> <span class='ocrx_word' id='word_1_54' title='bbox 1063 1175 1110 1232; x_wconf 90' lang='lat'>⁵⁵·</span> <span class='ocrx_word' id='word_1_55' title='bbox 1161 1172 1296 1247; x_wconf 87' lang='lat' dir='ltr'>Omnia</span> <span class='ocrx_word' id='word_1_56' title='bbox 1316 1177 1437 1247; x_wconf 86' lang='lat' dir='ltr'>autem</span> <span class='ocrx_word' id='word_1_57' title='bbox 1460 1172 1561 1265; x_wconf 90' lang='lat' dir='ltr'>haec,</span> <span class='ocrx_word' id='word_1_58' title='bbox 1586 1203 1683 1276; x_wconf 87' lang='lat' dir='ltr'>quae</span> <span class='ocrx_word' id='word_1_59' title='bbox 1707 1205 1817 1279; x_wconf 85' lang='lat' dir='ltr'>egere</span> <span class='ocrx_word' id='word_1_60' title='bbox 1840 1180 1895 1254; x_wconf 80' lang='lat' dir='ltr'>le-</span> 
     </span>
    </p>
   </div>
   <div class='ocr_carea' id='block_1_3' title="bbox 291 1292 1907 1523">
    <p class='ocr_par' dir='ltr' id='par_1_3' title="bbox 291 1292 1907 1523">
     <span class='ocr_line' id='line_1_7' title="bbox 291 1292 1907 1402; baseline -0.001 -26"><span class='ocrx_word' id='word_1_61' title='bbox 291 1303 341 1376; x_wconf 89' lang='lat' dir='ltr'>cit</span> <span class='ocrx_word' id='word_1_62' title='bbox 359 1315 470 1402; x_wconf 88' lang='lat' dir='ltr'>poeta</span> <span class='ocrx_word' id='word_1_63' title='bbox 484 1324 623 1388; x_wconf 91' lang='lat' dir='ltr'>senem,</span> <span class='ocrx_word' id='word_1_64' title='bbox 637 1320 713 1369; x_wconf 92' lang='lat' dir='ltr'>non</span> <span class='ocrx_word' id='word_1_65' title='bbox 728 1292 1016 1395; x_wconf 87' lang='lat' dir='ltr'>proficiscuntur</span> <span class='ocrx_word' id='word_1_66' title='bbox 1035 1297 1180 1370; x_wconf 79' lang='lat' dir='ltr'>sceleri</span> <span class='ocrx_word' id='word_1_67' title='bbox 1207 1297 1343 1396; x_wconf 82' lang='lat' dir='ltr'>ingenii</span> <span class='ocrx_word' id='word_1_68' title='bbox 1367 1311 1490 1369; x_wconf 90' lang='lat' dir='ltr'>motu:</span> <span class='ocrx_word' id='word_1_69' title='bbox 1520 1298 1782 1396; x_wconf 83' lang='lat' dir='ltr'>praemeditata</span> <span class='ocrx_word' id='word_1_70' title='bbox 1805 1316 1907 1375; x_wconf 86' lang='lat' dir='ltr'>sunt-</span> 
     </span>
     <span class='ocr_line' id='line_1_8' title="bbox 292 1415 1894 1523; baseline -0.001 -26"><span class='ocrx_word' id='word_1_71' title='bbox 292 1439 403 1523; x_wconf 85' lang='lat' dir='ltr'>atquc</span> <span class='ocrx_word' id='word_1_72' title='bbox 424 1415 683 1522; x_wconf 69' lang='lat' dir='ltr'>prodeuntes</span> <span class='ocrx_word' id='word_1_73' title='bbox 702 1417 814 1495; x_wconf 88' lang='lat' dir='ltr'>animi</span> <span class='ocrx_word' id='word_1_74' title='bbox 837 1415 1082 1514; x_wconf 80' lang='lat' dir='ltr'>aegritudine,</span> <span class='ocrx_word' id='word_1_75' title='bbox 1103 1444 1199 1520; x_wconf 93' lang='lat' dir='ltr'>quae</span> <span class='ocrx_word' id='word_1_76' title='bbox 1219 1419 1425 1490; x_wconf 82' lang='lat' dir='ltr'>accuratius</span> <span class='ocrx_word' id='word_1_77' title='bbox 1444 1417 1661 1517; x_wconf 84' lang='lat' dir='ltr'>explicatur.</span> <span class='ocrx_word' id='word_1_78' title='bbox 1704 1418 1787 1491; x_wconf 90' lang='lat' dir='ltr'>Jam</span> <span class='ocrx_word' id='word_1_79' title='bbox 1807 1422 1894 1495; x_wconf 87' lang='lat' dir='ltr'>satis</span> 
     </span>
    </p>
   </div>
   <div class='ocr_carea' id='block_1_4' title="bbox 175 1532 1895 1640">
    <p class='ocr_par' dir='ltr' id='par_1_4' title="bbox 175 1532 1895 1640">
     <span class='ocr_line' id='line_1_9' title="bbox 175 1532 1895 1640; baseline 0 -23"><span class='ocrx_word' id='word_1_80' title='bbox 175 1532 177 1537; x_wconf 37' lang='lat'><strong>⁵</strong></span> <span class='ocrx_word' id='word_1_81' title='bbox 292 1545 376 1633; x_wconf 83' lang='lat' dir='ltr'>erit,</span> <span class='ocrx_word' id='word_1_82' title='bbox 399 1556 450 1613; x_wconf 93' lang='lat' dir='ltr'>·ut</span> <span class='ocrx_word' id='word_1_83' title='bbox 473 1542 638 1612; x_wconf 92' lang='lat' dir='ltr'>animum</span> <span class='ocrx_word' id='word_1_84' title='bbox 661 1540 776 1640; x_wconf 87' lang='lat' dir='ltr'>patris</span> <span class='ocrx_word' id='word_1_85' title='bbox 803 1538 1048 1638; x_wconf 79' lang='lat' dir='ltr'>intelligamus</span> <span class='ocrx_word' id='word_1_86' title='bbox 1072 1538 1239 1626; x_wconf 89' lang='lat' dir='ltr'>amantis,</span> <span class='ocrx_word' id='word_1_87' title='bbox 1274 1532 1385 1633; x_wconf 38' lang='lat' dir='ltr'>eujus,</span> <span class='ocrx_word' id='word_1_88' title='bbox 1406 1539 1523 1610; x_wconf 89' lang='lat' dir='ltr'>omnis</span> <span class='ocrx_word' id='word_1_89' title='bbox 1550 1540 1644 1611; x_wconf 89' lang='lat' dir='ltr'>ratio</span> <span class='ocrx_word' id='word_1_90' title='bbox 1667 1542 1895 1617; x_wconf 82' lang='lat' dir='ltr'>conveniens</span> 
     </span>
    </p>
   </div>
   <div class='ocr_carea' id='block_1_5' title="bbox 209 1656 1895 2119">
    <p class='ocr_par' dir='ltr' id='par_1_5' title="bbox 209 1656 1895 2119">
     <span class='ocr_line' id='line_1_10' title="bbox 209 1656 1895 1760; baseline -0.008 -23"><span class='ocrx_word' id='word_1_91' title='bbox 209 1744 212 1749; x_wconf 54' lang='grc'>,</span> <span class='ocrx_word' id='word_1_92' title='bbox 292 1663 366 1737; x_wconf 91' lang='lat' dir='ltr'>dici</span> <span class='ocrx_word' id='word_1_93' title='bbox 391 1659 522 1733; x_wconf 90' lang='lat' dir='ltr'>debeat</span> <span class='ocrx_word' id='word_1_94' title='bbox 545 1673 696 1732; x_wconf 88' lang='lat' dir='ltr'>naturae</span> <span class='ocrx_word' id='word_1_95' title='bbox 716 1656 897 1729; x_wconf 88' lang='lat' dir='ltr'>humanae</span> <span class='ocrx_word' id='word_1_96' title='bbox 918 1671 1029 1755; x_wconf 89' lang='lat' dir='ltr'>atque</span> <span class='ocrx_word' id='word_1_97' title='bbox 1050 1657 1098 1731; x_wconf 89' lang='lat' dir='ltr'>ad</span> <span class='ocrx_word' id='word_1_98' title='bbox 1118 1682 1245 1731; x_wconf 92' lang='lat' dir='ltr'>omnes</span> <span class='ocrx_word' id='word_1_99' title='bbox 1268 1681 1341 1745; x_wconf 91' lang='lat' dir='ltr'>res,</span> <span class='ocrx_word' id='word_1_100' title='bbox 1363 1683 1456 1757; x_wconf 90' lang='lat' dir='ltr'>quae</span> <span class='ocrx_word' id='word_1_101' title='bbox 1480 1672 1759 1757; x_wconf 87' lang='lat' dir='ltr'>proponuntur,</span> <span class='ocrx_word' id='word_1_102' title='bbox 1781 1663 1895 1760; x_wconf 81' lang='lat' dir='ltr'>aptis.</span> 
     </span>
     <span class='ocr_line' id='line_1_11' title="bbox 290 1773 1891 1880; baseline -0.001 -23"><span class='ocrx_word' id='word_1_103' title='bbox 290 1786 391 1857; x_wconf 90' lang='lat' dir='ltr'>sima.</span> <span class='ocrx_word' id='word_1_104' title='bbox 442 1782 536 1855; x_wconf 87' lang='lat' dir='ltr'>Nam</span> <span class='ocrx_word' id='word_1_105' title='bbox 559 1776 690 1849; x_wconf 90' lang='lat' dir='ltr'>eadem</span> <span class='ocrx_word' id='word_1_106' title='bbox 714 1776 845 1848; x_wconf 87' lang='lat' dir='ltr'>caritas</span> <span class='ocrx_word' id='word_1_107' title='bbox 869 1776 969 1867; x_wconf 83' lang='lat' dir='ltr'>lacit,</span> <span class='ocrx_word' id='word_1_108' title='bbox 996 1793 1049 1868; x_wconf 90' lang='lat' dir='ltr'>ut,</span> <span class='ocrx_word' id='word_1_109' title='bbox 1072 1780 1136 1878; x_wconf 89' lang='lat' dir='ltr'>qui</span> <span class='ocrx_word' id='word_1_110' title='bbox 1163 1791 1245 1850; x_wconf 88' lang='lat' dir='ltr'>ante</span> <span class='ocrx_word' id='word_1_111' title='bbox 1272 1773 1434 1850; x_wconf 84' lang='lat' dir='ltr'>severius</span> <span class='ocrx_word' id='word_1_112' title='bbox 1455 1791 1585 1849; x_wconf 90' lang='lat' dir='ltr'>contra</span> <span class='ocrx_word' id='word_1_113' title='bbox 1604 1774 1724 1848; x_wconf 86' lang='lat' dir='ltr'>lilium</span> <span class='ocrx_word' id='word_1_114' title='bbox 1750 1794 1891 1880; x_wconf 81' lang='lat' dir='ltr'>egerat,</span> 
     </span>
     <span class='ocr_line' id='line_1_12' title="bbox 292 1895 1892 1997; baseline -0.001 -22"><span class='ocrx_word' id='word_1_115' title='bbox 292 1901 392 1976; x_wconf 90' lang='lat' dir='ltr'>idem</span> <span class='ocrx_word' id='word_1_116' title='bbox 409 1923 510 1973; x_wconf 88' lang='lat' dir='ltr'>nunc</span> <span class='ocrx_word' id='word_1_117' title='bbox 527 1899 565 1968; x_wconf 93' lang='lat' dir='ltr'>in</span> <span class='ocrx_word' id='word_1_118' title='bbox 584 1922 623 1970; x_wconf 88' lang='lat' dir='ltr'>se</span> <span class='ocrx_word' id='word_1_119' title='bbox 637 1898 761 1997; x_wconf 90' lang='lat' dir='ltr'>ipsum</span> <span class='ocrx_word' id='word_1_120' title='bbox 780 1897 943 1996; x_wconf 88' lang='lat' dir='ltr'>iniquius</span> <span class='ocrx_word' id='word_1_121' title='bbox 958 1913 1098 1972; x_wconf 87' lang='lat' dir='ltr'>statuat.</span> <span class='ocrx_word' id='word_1_122' title='bbox 1123 1897 1184 1972; x_wconf 92' lang='lat' dir='ltr'>Ad</span> <span class='ocrx_word' id='word_1_123' title='bbox 1200 1895 1356 1970; x_wconf 90' lang='lat' dir='ltr'>eandem</span> <span class='ocrx_word' id='word_1_124' title='bbox 1373 1895 1561 1968; x_wconf 89' lang='lat' dir='ltr'>caritatem</span> <span class='ocrx_word' id='word_1_125' title='bbox 1576 1896 1764 1995; x_wconf 88' lang='lat' dir='ltr'>pertinent</span> <span class='ocrx_word' id='word_1_126' title='bbox 1775 1900 1892 1974; x_wconf 78' lang='lat' dir='ltr'>verba</span> 
     </span>
     <span class='ocr_line' id='line_1_13' title="bbox 290 2002 1105 2119; baseline -0.005 -25"><span class='ocrx_word' id='word_1_127' title='bbox 290 2023 447 2111; x_wconf 87' lang='lat' dir='ltr'>sincera,</span> <span class='ocrx_word' id='word_1_128' title='bbox 482 2044 578 2119; x_wconf 91' lang='lat' dir='ltr'>quae</span> <span class='ocrx_word' id='word_1_129' title='bbox 604 2002 828 2118; x_wconf 84' lang='lat' dir='ltr'>paulopost</span> <span class='ocrx_word' id='word_1_130' title='bbox 853 2014 1043 2116; x_wconf 84' lang='lat' dir='ltr'>leguntur:</span> <span class='ocrx_word' id='word_1_131' title='bbox 1061 2018 1105 2076; x_wconf 87' lang='lat'>⁵⁵·</span> 
     </span>
    </p>
   </div>
   <div class='ocr_carea' id='block_1_6' title="bbox 211 2158 1930 4185">
    <p class='ocr_par' dir='ltr' id='par_1_6' title="bbox 532 2158 1368 2243">
     <span class='ocr_line' id='line_1_14' title="bbox 532 2158 1368 2243; baseline -0.002 -22"><span class='ocrx_word' id='word_1_132' title='bbox 532 2162 619 2222; x_wconf 79' lang='lat' dir='ltr'>Mem</span> <span class='ocrx_word' id='word_1_133' title='bbox 661 2158 792 2243; x_wconf 86' lang='lat' dir='ltr'>gnatus!</span> <span class='ocrx_word' id='word_1_134' title='bbox 834 2158 949 2221; x_wconf 86' lang='lat' dir='ltr'>Venit!</span> <span class='ocrx_word' id='word_1_135' title='bbox 993 2161 1094 2222; x_wconf 87' lang='lat' dir='ltr'>Clinia</span> <span class='ocrx_word' id='word_1_136' title='bbox 1135 2181 1222 2223; x_wconf 90' lang='lat' dir='ltr'>meus</span> <span class='ocrx_word' id='word_1_137' title='bbox 1264 2158 1368 2222; x_wconf 87' lang='lat' dir='ltr'>venit!</span> 
     </span>
    </p>

    <p class='ocr_par' dir='ltr' id='par_1_7' title="bbox 530 2261 1259 2338">
     <span class='ocr_line' id='line_1_15' title="bbox 530 2261 1259 2338; baseline -0.007 -14"><span class='ocrx_word' id='word_1_138' title='bbox 530 2264 665 2325; x_wconf 81' lang='lat' dir='ltr'>Eamus:</span> <span class='ocrx_word' id='word_1_139' title='bbox 694 2263 768 2323; x_wconf 89' lang='lat' dir='ltr'>·duc</span> <span class='ocrx_word' id='word_1_140' title='bbox 809 2282 860 2323; x_wconf 90' lang='lat' dir='ltr'>me</span> <span class='ocrx_word' id='word_1_141' title='bbox 899 2261 939 2321; x_wconf 89' lang='lat' dir='ltr'>ad</span> <span class='ocrx_word' id='word_1_142' title='bbox 981 2283 1070 2338; x_wconf 88' lang='lat' dir='ltr'>cum,</span> <span class='ocrx_word' id='word_1_143' title='bbox 1111 2262 1259 2334; x_wconf 72' lang='lat' dir='ltr'>obsecro,</span> 
     </span>
    </p>

    <p class='ocr_par' dir='ltr' id='par_1_8' title="bbox 211 2388 1909 2734">
     <span class='ocr_line' id='line_1_16' title="bbox 211 2388 1909 2499; baseline -0.001 -26"><span class='ocrx_word' id='word_1_144' title='bbox 211 2459 215 2465; x_wconf 90' lang='lat'>.</span> <span class='ocrx_word' id='word_1_145' title='bbox 291 2399 456 2499; x_wconf 89' lang='lat' dir='ltr'>ejusdem</span> <span class='ocrx_word' id='word_1_146' title='bbox 478 2392 593 2468; x_wconf 84' lang='lat' dir='ltr'>¹animi</span> <span class='ocrx_word' id='word_1_147' title='bbox 621 2408 673 2465; x_wconf 91' lang='lat' dir='ltr'>est</span> <span class='ocrx_word' id='word_1_148' title='bbox 696 2389 905 2481; x_wconf 88' lang='lat' dir='ltr'>consilium,</span> <span class='ocrx_word' id='word_1_149' title='bbox 931 2416 1007 2491; x_wconf 92' lang='lat' dir='ltr'>quo</span> <span class='ocrx_word' id='word_1_150' title='bbox 1027 2404 1133 2490; x_wconf 87' lang='lat' dir='ltr'>pater</span> <span class='ocrx_word' id='word_1_151' title='bbox 1156 2388 1233 2462; x_wconf 88' lang='lat' dir='ltr'>lilio</span> <span class='ocrx_word' id='word_1_152' title='bbox 1259 2391 1382 2464; x_wconf 87' lang='lat' dir='ltr'>omnia</span> <span class='ocrx_word' id='word_1_153' title='bbox 1406 2395 1609 2468; x_wconf 86' lang='lat' dir='ltr'>concedere</span> <span class='ocrx_word' id='word_1_154' title='bbox 1633 2393 1726 2486; x_wconf 81' lang='lat' dir='ltr'>vult,</span> <span class='ocrx_word' id='word_1_155' title='bbox 1752 2421 1909 2497; x_wconf 20' lang='lat' dir='ltr'>quam·-</span> 
     </span>
     <span class='ocr_line' id='line_1_17' title="bbox 289 2504 1888 2621; baseline 0.001 -29"><span class='ocrx_word' id='word_1_156' title='bbox 289 2522 343 2595; x_wconf 87' lang='lat' dir='ltr'>vis</span> <span class='ocrx_word' id='word_1_157' title='bbox 362 2504 532 2592; x_wconf 87' lang='lat' dir='ltr'>nocitura</span> <span class='ocrx_word' id='word_1_158' title='bbox 552 2512 637 2602; x_wconf 87' lang='lat' dir='ltr'>sint,</span> <span class='ocrx_word' id='word_1_159' title='bbox 661 2534 774 2609; x_wconf 89' lang='lat' dir='ltr'>seque</span> <span class='ocrx_word' id='word_1_160' title='bbox 797 2506 1039 2609; x_wconf 77' lang='lat' dir='ltr'>forttmasque</span> <span class='ocrx_word' id='word_1_161' title='bbox 1062 2534 1133 2608; x_wconf 88' lang='lat' dir='ltr'>pro</span> <span class='ocrx_word' id='word_1_162' title='bbox 1159 2507 1235 2609; x_wconf 89' lang='lat' dir='ltr'>ejus</span> <span class='ocrx_word' id='word_1_163' title='bbox 1256 2512 1507 2586; x_wconf 85' lang='lat' dir='ltr'>incolumitate</span> <span class='ocrx_word' id='word_1_164' title='bbox 1532 2513 1716 2621; x_wconf 81' lang='lat' dir='ltr'>devovere</span> <span class='ocrx_word' id='word_1_165' title='bbox 1738 2532 1888 2617; x_wconf 87' lang='lat' dir='ltr'>paratus</span> 
     </span>
     <span class='ocr_line' id='line_1_18' title="bbox 226 2628 1880 2734; baseline 0 -21"><span class='ocrx_word' id='word_1_166' title='bbox 226 2713 228 2717; x_wconf 75' lang='grc'>,</span> <span class='ocrx_word' id='word_1_167' title='bbox 289 2654 353 2729; x_wconf 89' lang='lat' dir='ltr'>est,</span> <span class='ocrx_word' id='word_1_168' title='bbox 379 2631 584 2710; x_wconf 90' lang='lat' dir='ltr'>dummodo</span> <span class='ocrx_word' id='word_1_169' title='bbox 606 2656 732 2703; x_wconf 91' lang='lat' dir='ltr'>secum</span> <span class='ocrx_word' id='word_1_170' title='bbox 752 2628 965 2722; x_wconf 70' lang='lat' dir='ltr'>habeat.⁵⁷·⁴</span> <span class='ocrx_word' id='word_1_171' title='bbox 1002 2631 1055 2704; x_wconf 93' lang='lat' dir='ltr'>Ne</span> <span class='ocrx_word' id='word_1_172' title='bbox 1083 2634 1167 2731; x_wconf 88' lang='lat' dir='ltr'>quis</span> <span class='ocrx_word' id='word_1_173' title='bbox 1190 2659 1280 2707; x_wconf 87' lang='lat' dir='ltr'>vero</span> <span class='ocrx_word' id='word_1_174' title='bbox 1308 2632 1380 2706; x_wconf 90' lang='lat' dir='ltr'>hoe</span> <span class='ocrx_word' id='word_1_175' title='bbox 1407 2633 1490 2708; x_wconf 88' lang='lat' dir='ltr'>loco</span> <span class='ocrx_word' id='word_1_176' title='bbox 1514 2632 1676 2734; x_wconf 84' lang='lat' dir='ltr'>objiciat,</span> <span class='ocrx_word' id='word_1_177' title='bbox 1702 2637 1818 2713; x_wconf 83' lang='lat' dir='ltr'>multa</span> <span class='ocrx_word' id='word_1_178' title='bbox 1842 2640 1880 2713; x_wconf 88' lang='lat' dir='ltr'>in</span> 
     </span>
    </p>

    <p class='ocr_par' dir='ltr' id='par_1_9' title="bbox 288 2748 1876 2855">
     <span class='ocr_line' id='line_1_19' title="bbox 288 2748 1876 2855; baseline -0.001 -23"><span class='ocrx_word' id='word_1_179' title='bbox 288 2755 469 2832; x_wconf 89' lang='lat' dir='ltr'>sentiendi</span> <span class='ocrx_word' id='word_1_180' title='bbox 501 2751 709 2853; x_wconf 88' lang='lat' dir='ltr'>agendique</span> <span class='ocrx_word' id='word_1_181' title='bbox 736 2752 891 2838; x_wconf 88' lang='lat' dir='ltr'>ratione,</span> <span class='ocrx_word' id='word_1_182' title='bbox 934 2748 1053 2846; x_wconf 89' lang='lat' dir='ltr'>qualis</span> <span class='ocrx_word' id='word_1_183' title='bbox 1085 2751 1126 2821; x_wconf 93' lang='lat' dir='ltr'>in</span> <span class='ocrx_word' id='word_1_184' title='bbox 1150 2753 1372 2827; x_wconf 89' lang='lat' dir='ltr'>Menedemo</span> <span class='ocrx_word' id='word_1_185' title='bbox 1401 2758 1640 2855; x_wconf 86' lang='lat' dir='ltr'>proponitur,</span> <span class='ocrx_word' id='word_1_186' title='bbox 1684 2758 1876 2833; x_wconf 88' lang='lat' dir='ltr'>insolenter</span> 
     </span>
    </p>

    <p class='ocr_par' dir='ltr' id='par_1_10' title="bbox 290 2869 1879 2981">
     <span class='ocr_line' id='line_1_20' title="bbox 290 2869 1879 2981; baseline -0.009 -28"><span class='ocrx_word' id='word_1_187' title='bbox 290 2878 378 2969; x_wconf 91' lang='lat' dir='ltr'>dici,</span> <span class='ocrx_word' id='word_1_188' title='bbox 404 2902 490 2950; x_wconf 88' lang='lat' dir='ltr'>cum</span> <span class='ocrx_word' id='word_1_189' title='bbox 516 2873 640 2946; x_wconf 88' lang='lat' dir='ltr'>omnia</span> <span class='ocrx_word' id='word_1_190' title='bbox 666 2886 912 2969; x_wconf 17' lang='lat' dir='ltr'>consentanea,</span> <span class='ocrx_word' id='word_1_191' title='bbox 930 2870 1004 2943; x_wconf 87' lang='lat' dir='ltr'>sint</span> <span class='ocrx_word' id='word_1_192' title='bbox 1039 2869 1115 2968; x_wconf 90' lang='lat' dir='ltr'>ejus</span> <span class='ocrx_word' id='word_1_193' title='bbox 1142 2875 1290 2972; x_wconf 88' lang='lat' dir='ltr'>ingenio</span> <span class='ocrx_word' id='word_1_194' title='bbox 1316 2875 1561 2977; x_wconf 85' lang='lat' dir='ltr'>habeantque,</span> <span class='ocrx_word' id='word_1_195' title='bbox 1588 2877 1692 2981; x_wconf 88' lang='lat' dir='ltr'>quod</span> <span class='ocrx_word' id='word_1_196' title='bbox 1713 2878 1761 2953; x_wconf 71' lang='lat' dir='ltr'>ad</span> <span class='ocrx_word' id='word_1_197' title='bbox 1781 2880 1879 2953; x_wconf 68' lang='lat' dir='ltr'>veri.</span> 
     </span>
    </p>

    <p class='ocr_par' dir='ltr' id='par_1_11' title="bbox 288 2980 1884 3098">
     <span class='ocr_line' id='line_1_21' title="bbox 288 2980 1884 3098; baseline 0.002 -27"><span class='ocrx_word' id='word_1_198' title='bbox 288 3013 399 3071; x_wconf 89' lang='lat' dir='ltr'>tatem</span> <span class='ocrx_word' id='word_1_199' title='bbox 419 2991 595 3067; x_wconf 88' lang='lat' dir='ltr'>accedere</span> <span class='ocrx_word' id='word_1_200' title='bbox 615 2988 796 3064; x_wconf 87' lang='lat' dir='ltr'>videatur.</span> <span class='ocrx_word' id='word_1_201' title='bbox 812 2990 857 3053; x_wconf 79' lang='lat'>⁵⁸·</span> <span class='ocrx_word' id='word_1_202' title='bbox 909 2986 983 3081; x_wconf 90' lang='lat' dir='ltr'>Qui</span> <span class='ocrx_word' id='word_1_203' title='bbox 1004 3013 1090 3059; x_wconf 91' lang='lat' dir='ltr'>cum</span> <span class='ocrx_word' id='word_1_204' title='bbox 1110 2986 1176 3062; x_wconf 90' lang='lat' dir='ltr'>filii</span> <span class='ocrx_word' id='word_1_205' title='bbox 1197 2991 1323 3093; x_wconf 85' lang='lat' dir='ltr'>fugam</span> <span class='ocrx_word' id='word_1_206' title='bbox 1342 3002 1584 3098; x_wconf 83' lang='lat' dir='ltr'>cognovisset,</span> <span class='ocrx_word' id='word_1_207' title='bbox 1600 3001 1748 3075; x_wconf 87' lang='lat' dir='ltr'>turbato</span> <span class='ocrx_word' id='word_1_208' title='bbox 1762 2980 1884 3073; x_wconf 80' lang='lat' dir='ltr'>animo</span> 
     </span>
    </p>

    <p class='ocr_par' dir='ltr' id='par_1_12' title="bbox 291 3106 1883 3219">
     <span class='ocr_line' id='line_1_22' title="bbox 291 3106 1883 3219; baseline 0.004 -29"><span class='ocrx_word' id='word_1_209' title='bbox 291 3106 446 3190; x_wconf 90' lang='lat' dir='ltr'>domum</span> <span class='ocrx_word' id='word_1_210' title='bbox 471 3110 582 3202; x_wconf 88' lang='lat' dir='ltr'>redit,</span> <span class='ocrx_word' id='word_1_211' title='bbox 609 3109 714 3210; x_wconf 89' lang='lat' dir='ltr'>cujus</span> <span class='ocrx_word' id='word_1_212' title='bbox 733 3110 878 3184; x_wconf 85' lang='lat' dir='ltr'>tristitia</span> <span class='ocrx_word' id='word_1_213' title='bbox 897 3107 1003 3181; x_wconf 91' lang='lat' dir='ltr'>nullo</span> <span class='ocrx_word' id='word_1_214' title='bbox 1022 3109 1135 3183; x_wconf 89' lang='lat' dir='ltr'>modo</span> <span class='ocrx_word' id='word_1_215' title='bbox 1156 3111 1289 3186; x_wconf 86' lang='lat' dir='ltr'>discuti</span> <span class='ocrx_word' id='word_1_216' title='bbox 1314 3132 1445 3216; x_wconf 91' lang='lat' dir='ltr'>potest,</span> <span class='ocrx_word' id='word_1_217' title='bbox 1472 3123 1641 3219; x_wconf 86' lang='lat' dir='ltr'>quamvis</span> <span class='ocrx_word' id='word_1_218' title='bbox 1661 3146 1788 3195; x_wconf 86' lang='lat' dir='ltr'>omnes</span> <span class='ocrx_word' id='word_1_219' title='bbox 1804 3114 1883 3195; x_wconf 49' lang='lat' dir='ltr'>&#39;stu-</span> 
     </span>
    </p>

    <p class='ocr_par' dir='ltr' id='par_1_13' title="bbox 287 3229 1930 3582">
     <span class='ocr_line' id='line_1_23' title="bbox 290 3229 1930 3343; baseline 0.002 -33"><span class='ocrx_word' id='word_1_220' title='bbox 290 3236 413 3326; x_wconf 89' lang='lat' dir='ltr'>deant,</span> <span class='ocrx_word' id='word_1_221' title='bbox 440 3249 481 3306; x_wconf 96' lang='lat' dir='ltr'>ut</span> <span class='ocrx_word' id='word_1_222' title='bbox 503 3235 720 3307; x_wconf 88' lang='lat' dir='ltr'>memoriam</span> <span class='ocrx_word' id='word_1_223' title='bbox 744 3232 955 3306; x_wconf 89' lang='lat' dir='ltr'>calamitatis</span> <span class='ocrx_word' id='word_1_224' title='bbox 978 3229 1125 3322; x_wconf 85' lang='lat' dir='ltr'>tollant,</span> <span class='ocrx_word' id='word_1_225' title='bbox 1146 3231 1314 3334; x_wconf 85' lang='lat' dir='ltr'>nihilque</span> <span class='ocrx_word' id='word_1_226' title='bbox 1336 3238 1515 3330; x_wconf 89' lang='lat' dir='ltr'>omittant,</span> <span class='ocrx_word' id='word_1_227' title='bbox 1542 3240 1650 3343; x_wconf 19' lang='lat' dir='ltr'>quod,</span> <span class='ocrx_word' id='word_1_228' title='bbox 1665 3239 1889 3341; x_wconf 85' lang='lat' dir='ltr'>voluptatem</span> <span class='ocrx_word' id='word_1_229' title='bbox 1927 3288 1930 3293; x_wconf 94' lang='lat'><em>-</em></span> 
     </span>
     <span class='ocr_line' id='line_1_24' title="bbox 289 3350 1886 3461; baseline 0.003 -31"><span class='ocrx_word' id='word_1_230' title='bbox 289 3357 383 3458; x_wconf 90' lang='lat' dir='ltr'>patri</span> <span class='ocrx_word' id='word_1_231' title='bbox 404 3354 536 3427; x_wconf 79' lang='lat' dir='ltr'>afferre</span> <span class='ocrx_word' id='word_1_232' title='bbox 556 3357 680 3454; x_wconf 91' lang='lat' dir='ltr'>possit.</span> <span class='ocrx_word' id='word_1_233' title='bbox 732 3354 834 3426; x_wconf 88' lang='lat' dir='ltr'>Facit</span> <span class='ocrx_word' id='word_1_234' title='bbox 859 3352 958 3423; x_wconf 92' lang='lat' dir='ltr'>enim</span> <span class='ocrx_word' id='word_1_235' title='bbox 976 3352 1091 3425; x_wconf 83' lang='lat' dir='ltr'>verba</span> <span class='ocrx_word' id='word_1_236' title='bbox 1112 3350 1309 3451; x_wconf 88' lang='lat' dir='ltr'>ejusmodi:</span> <span class='ocrx_word' id='word_1_237' title='bbox 1325 3359 1369 3416; x_wconf 84' lang='lat'>⁵9·</span> <span class='ocrx_word' id='word_1_238' title='bbox 1395 3385 1454 3431; x_wconf 90' lang='lat' dir='ltr'>me</span> <span class='ocrx_word' id='word_1_239' title='bbox 1475 3358 1671 3461; x_wconf 89' lang='lat' dir='ltr'>indignum</span> <span class='ocrx_word' id='word_1_240' title='bbox 1703 3376 1803 3435; x_wconf 88' lang='lat' dir='ltr'>tauta</span> <span class='ocrx_word' id='word_1_241' title='bbox 1817 3360 1886 3455; x_wconf 84' lang='lat' dir='ltr'>bo-</span> 
     </span>
     <span class='ocr_line' id='line_1_25' title="bbox 287 3469 1885 3582; baseline 0.004 -32"><span class='ocrx_word' id='word_1_242' title='bbox 287 3480 431 3550; x_wconf 89' lang='lat' dir='ltr'>minum</span> <span class='ocrx_word' id='word_1_243' title='bbox 452 3500 579 3575; x_wconf 87' lang='lat' dir='ltr'>opera,</span> <span class='ocrx_word' id='word_1_244' title='bbox 601 3500 696 3572; x_wconf 89' lang='lat' dir='ltr'>quae</span> <span class='ocrx_word' id='word_1_245' title='bbox 725 3498 764 3545; x_wconf 92' lang='lat' dir='ltr'>se</span> <span class='ocrx_word' id='word_1_246' title='bbox 795 3470 961 3545; x_wconf 78' lang='lat' dir='ltr'>conferat</span> <span class='ocrx_word' id='word_1_247' title='bbox 985 3469 1034 3541; x_wconf 92' lang='lat' dir='ltr'>ad</span> <span class='ocrx_word' id='word_1_248' title='bbox 1055 3497 1114 3543; x_wconf 91' lang='lat' dir='ltr'>me</span> <span class='ocrx_word' id='word_1_249' title='bbox 1133 3473 1373 3572; x_wconf 86' lang='lat' dir='ltr'>explendum,</span> <span class='ocrx_word' id='word_1_250' title='bbox 1397 3502 1420 3550; x_wconf 93' lang='lat' dir='ltr'>o</span> <span class='ocrx_word' id='word_1_251' title='bbox 1441 3477 1649 3581; x_wconf 88' lang='lat' dir='ltr'>indignum,</span> <span class='ocrx_word' id='word_1_252' title='bbox 1675 3484 1746 3582; x_wconf 69' lang='lat' dir='ltr'>qui,</span> <span class='ocrx_word' id='word_1_253' title='bbox 1765 3480 1885 3557; x_wconf 86' lang='lat' dir='ltr'>filium</span> 
     </span>
    </p>

    <p class='ocr_par' dir='ltr' id='par_1_14' title="bbox 285 3588 1906 4185">
     <span class='ocr_line' id='line_1_26' title="bbox 288 3588 1886 3700; baseline 0.003 -30"><span class='ocrx_word' id='word_1_254' title='bbox 288 3600 441 3670; x_wconf 90' lang='lat' dir='ltr'>unicum</span> <span class='ocrx_word' id='word_1_255' title='bbox 465 3592 626 3692; x_wconf 87' lang='lat' dir='ltr'>ejecerit,</span> <span class='ocrx_word' id='word_1_256' title='bbox 664 3616 777 3691; x_wconf 93' lang='lat' dir='ltr'>quem</span> <span class='ocrx_word' id='word_1_257' title='bbox 802 3592 944 3688; x_wconf 89' lang='lat' dir='ltr'>pariter</span> <span class='ocrx_word' id='word_1_258' title='bbox 972 3588 1027 3662; x_wconf 93' lang='lat' dir='ltr'>his</span> <span class='ocrx_word' id='word_1_259' title='bbox 1053 3592 1107 3662; x_wconf 93' lang='lat' dir='ltr'>uti</span> <span class='ocrx_word' id='word_1_260' title='bbox 1134 3590 1271 3685; x_wconf 89' lang='lat' dir='ltr'>decuit,</span> <span class='ocrx_word' id='word_1_261' title='bbox 1298 3612 1408 3698; x_wconf 91' lang='lat' dir='ltr'>atque</span> <span class='ocrx_word' id='word_1_262' title='bbox 1431 3601 1540 3673; x_wconf 90' lang='lat' dir='ltr'>etiam</span> <span class='ocrx_word' id='word_1_263' title='bbox 1563 3602 1691 3700; x_wconf 90' lang='lat' dir='ltr'>magis,</span> <span class='ocrx_word' id='word_1_264' title='bbox 1717 3627 1805 3675; x_wconf 90' lang='lat' dir='ltr'>cum</span> <span class='ocrx_word' id='word_1_265' title='bbox 1827 3628 1886 3675; x_wconf 90' lang='lat' dir='ltr'>ae·</span> 
     </span>
     <span class='ocr_line' id='line_1_27' title="bbox 288 3708 1906 3819; baseline 0.003 -28"><span class='ocrx_word' id='word_1_266' title='bbox 288 3734 338 3791; x_wconf 86' lang='lat' dir='ltr'>tas</span> <span class='ocrx_word' id='word_1_267' title='bbox 364 3716 519 3790; x_wconf 91' lang='lat' dir='ltr'>adhaec</span> <span class='ocrx_word' id='word_1_268' title='bbox 546 3710 682 3785; x_wconf 87' lang='lat' dir='ltr'>utenda</span> <span class='ocrx_word' id='word_1_269' title='bbox 706 3713 827 3812; x_wconf 87' lang='lat' dir='ltr'>aptior</span> <span class='ocrx_word' id='word_1_270' title='bbox 851 3713 907 3783; x_wconf 89' lang='lat' dir='ltr'>sit.</span> <span class='ocrx_word' id='word_1_271' title='bbox 959 3708 1007 3780; x_wconf 82' lang='lat' dir='ltr'>At</span> <span class='ocrx_word' id='word_1_272' title='bbox 1029 3725 1139 3780; x_wconf 88' lang='lat' dir='ltr'>nemo</span> <span class='ocrx_word' id='word_1_273' title='bbox 1170 3709 1249 3784; x_wconf 88' lang='lat' dir='ltr'>fere</span> <span class='ocrx_word' id='word_1_274' title='bbox 1274 3716 1535 3816; x_wconf 89' lang='lat' dir='ltr'>reprehendet,</span> <span class='ocrx_word' id='word_1_275' title='bbox 1561 3719 1666 3819; x_wconf 91' lang='lat' dir='ltr'>quod</span> <span class='ocrx_word' id='word_1_276' title='bbox 1688 3746 1803 3795; x_wconf 86' lang='lat' dir='ltr'>senex</span> <span class='ocrx_word' id='word_1_277' title='bbox 1821 3720 1906 3796; x_wconf 88' lang='lat' dir='ltr'>ad··</span> 
     </span>
     <span class='ocr_line' id='line_1_28' title="bbox 287 3828 1886 3942; baseline 0.005 -33"><span class='ocrx_word' id='word_1_278' title='bbox 287 3862 409 3909; x_wconf 82' lang='lat' dir='ltr'>versas</span> <span class='ocrx_word' id='word_1_279' title='bbox 434 3860 493 3908; x_wconf 87' lang='lat' dir='ltr'>res</span> <span class='ocrx_word' id='word_1_280' title='bbox 522 3828 761 3904; x_wconf 83' lang='lat' dir='ltr'>immoderate</span> <span class='ocrx_word' id='word_1_281' title='bbox 791 3828 891 3901; x_wconf 87' lang='lat' dir='ltr'>ferre</span> <span class='ocrx_word' id='word_1_282' title='bbox 924 3828 1106 3918; x_wconf 86' lang='lat' dir='ltr'>videatur,</span> <span class='ocrx_word' id='word_1_283' title='bbox 1146 3858 1239 3905; x_wconf 84' lang='lat' dir='ltr'>neve</span> <span class='ocrx_word' id='word_1_284' title='bbox 1266 3833 1490 3912; x_wconf 87' lang='lat' dir='ltr'>desiderabit</span> <span class='ocrx_word' id='word_1_285' title='bbox 1522 3842 1821 3942; x_wconf 86' lang='lat' dir='ltr'>aequabilitatem</span> <span class='ocrx_word' id='word_1_286' title='bbox 1845 3844 1886 3917; x_wconf 90' lang='lat' dir='ltr'>in</span> 
     </span>
     <span class='ocr_line' id='line_1_29' title="bbox 286 3948 1888 4049; baseline 0.006 -20"><span class='ocrx_word' id='word_1_287' title='bbox 286 3957 386 4029; x_wconf 90' lang='lat' dir='ltr'>omni</span> <span class='ocrx_word' id='word_1_288' title='bbox 411 3955 498 4042; x_wconf 86' lang='lat' dir='ltr'>vita,</span> <span class='ocrx_word' id='word_1_289' title='bbox 536 3965 578 4023; x_wconf 89' lang='lat' dir='ltr'>ut</span> <span class='ocrx_word' id='word_1_290' title='bbox 604 3949 875 4049; x_wconf 89' lang='lat' dir='ltr'>idemsemper</span> <span class='ocrx_word' id='word_1_291' title='bbox 900 3948 1023 4023; x_wconf 82' lang='lat' dir='ltr'>vultus</span> <span class='ocrx_word' id='word_1_292' title='bbox 1049 3950 1108 4040; x_wconf 89' lang='lat' dir='ltr'>sit,</span> <span class='ocrx_word' id='word_1_293' title='bbox 1134 3951 1264 4028; x_wconf 84' lang='lat' dir='ltr'>eadem</span> <span class='ocrx_word' id='word_1_294' title='bbox 1286 3954 1404 4048; x_wconf 86' lang='lat' dir='ltr'>frons,</span> <span class='ocrx_word' id='word_1_295' title='bbox 1438 3985 1524 4033; x_wconf 85' lang='lat' dir='ltr'>cum</span> <span class='ocrx_word' id='word_1_296' title='bbox 1549 3964 1684 4037; x_wconf 87' lang='lat' dir='ltr'>amoris</span> <span class='ocrx_word' id='word_1_297' title='bbox 1709 3964 1762 4038; x_wconf 85' lang='lat' dir='ltr'>vis</span> <span class='ocrx_word' id='word_1_298' title='bbox 1788 3963 1888 4039; x_wconf 87' lang='lat' dir='ltr'>latis-</span> 
     </span>
     <span class='ocr_line' id='line_1_30' title="bbox 285 4056 1887 4185; baseline 0.007 -37"><span class='ocrx_word' id='word_1_299' title='bbox 285 4078 375 4149; x_wconf 92' lang='lat' dir='ltr'>sime</span> <span class='ocrx_word' id='word_1_300' title='bbox 403 4086 523 4175; x_wconf 89' lang='lat' dir='ltr'>pateat</span> <span class='ocrx_word' id='word_1_301' title='bbox 550 4095 670 4169; x_wconf 90' lang='lat' dir='ltr'>eoque</span> <span class='ocrx_word' id='word_1_302' title='bbox 696 4056 816 4167; x_wconf 79' lang='lat' dir='ltr'>major</span> <span class='ocrx_word' id='word_1_303' title='bbox 840 4069 899 4159; x_wconf 91' lang='lat' dir='ltr'>sit,</span> <span class='ocrx_word' id='word_1_304' title='bbox 926 4094 1003 4168; x_wconf 91' lang='lat' dir='ltr'>quo</span> <span class='ocrx_word' id='word_1_305' title='bbox 1027 4070 1141 4171; x_wconf 87' lang='lat' dir='ltr'>magis</span> <span class='ocrx_word' id='word_1_306' title='bbox 1168 4073 1276 4148; x_wconf 90' lang='lat' dir='ltr'>nobis</span> <span class='ocrx_word' id='word_1_307' title='bbox 1300 4076 1597 4175; x_wconf 83' lang='lat' dir='ltr'>persuadeamus,</span> <span class='ocrx_word' id='word_1_308' title='bbox 1635 4108 1759 4185; x_wconf 89' lang='lat' dir='ltr'>neque</span> <span class='ocrx_word' id='word_1_309' title='bbox 1783 4098 1887 4177; x_wconf 82' lang='lat' dir='ltr'>vota,</span> 
     </span>
    </p>
   </div>
   <div class='ocr_carea' id='block_1_7' title="bbox 372 4320 1891 4446">
    <p class='ocr_par' dir='ltr' id='par_1_15' title="bbox 372 4320 1891 4446">
     <span class='ocr_line' id='line_1_31' title="bbox 372 4320 1891 4446; baseline 0.015 -38"><span class='ocrx_word' id='word_1_310' title='bbox 372 4355 418 4427; x_wconf 67' lang='lat'>⁵⁵·</span> <span class='ocrx_word' id='word_1_311' title='bbox 441 4353 610 4413; x_wconf 87' lang='lat' dir='ltr'>Heautont.</span> <span class='ocrx_word' id='word_1_312' title='bbox 632 4354 654 4412; x_wconf 88' lang='lat'>1.</span> <span class='ocrx_word' id='word_1_313' title='bbox 678 4332 710 4412; x_wconf 66' lang='grc' dir='ltr'>1.ι</span> <span class='ocrx_word' id='word_1_314' title='bbox 727 4371 756 4411; x_wconf 82' lang='lat' dir='ltr'>v.</span> <span class='ocrx_word' id='word_1_315' title='bbox 777 4347 929 4413; x_wconf 82' lang='lat'>83-98.</span> <span class='ocrx_word' id='word_1_316' title='bbox 1019 4354 1066 4413; x_wconf 86' lang='lat'>55.</span> <span class='ocrx_word' id='word_1_317' title='bbox 1085 4351 1255 4421; x_wconf 85' lang='lat' dir='ltr'>Heautout.</span> <span class='ocrx_word' id='word_1_318' title='bbox 1276 4332 1348 4422; x_wconf 82' lang='lat' dir='ltr'>hl.</span> <span class='ocrx_word' id='word_1_319' title='bbox 1368 4380 1397 4418; x_wconf 81' lang='lat' dir='ltr'>v.</span> <span class='ocrx_word' id='word_1_320' title='bbox 1416 4360 1462 4427; x_wconf 83' lang='lat'>15.</span> <span class='ocrx_word' id='word_1_321' title='bbox 1477 4383 1561 4446; x_wconf 87' lang='lat' dir='ltr'>seqq.</span> <span class='ocrx_word' id='word_1_322' title='bbox 1648 4367 1694 4430; x_wconf 86' lang='grc'>56.</span> <span class='ocrx_word' id='word_1_323' title='bbox 1706 4320 1891 4432; x_wconf 69' lang='lat' dir='ltr'>‘lleautouh¹</span> 
     </span>
    </p>
   </div>
   <div class='ocr_carea' id='block_1_8' title="bbox 477 4451 1887 4641">
    <p class='ocr_par' dir='ltr' id='par_1_16' title="bbox 477 4451 1887 4641">
     <span class='ocr_line' id='line_1_32' title="bbox 477 4451 1887 4555; baseline 0.001 -39"><span class='ocrx_word' id='word_1_324' title='bbox 477 4457 526 4516; x_wconf 88' lang='lat'>111.</span> <span class='ocrx_word' id='word_1_325' title='bbox 539 4454 566 4513; x_wconf 90' lang='lat'>1.</span> <span class='ocrx_word' id='word_1_326' title='bbox 580 4475 609 4512; x_wconf 86' lang='lat' dir='ltr'>v.</span> <span class='ocrx_word' id='word_1_327' title='bbox 624 4451 673 4512; x_wconf 74' lang='lat'>22.</span> <span class='ocrx_word' id='word_1_328' title='bbox 762 4455 807 4513; x_wconf 79' lang='lat'>57.</span> <span class='ocrx_word' id='word_1_329' title='bbox 820 4454 990 4515; x_wconf 79' lang='lat' dir='ltr'>Heautont.</span> <span class='ocrx_word' id='word_1_330' title='bbox 1000 4457 1049 4516; x_wconf 90' lang='lat' dir='ltr'>lll.</span> <span class='ocrx_word' id='word_1_331' title='bbox 1063 4456 1089 4516; x_wconf 91' lang='lat'>1.</span> <span class='ocrx_word' id='word_1_332' title='bbox 1104 4478 1134 4516; x_wconf 83' lang='lat' dir='ltr'>v.</span> <span class='ocrx_word' id='word_1_333' title='bbox 1145 4455 1194 4518; x_wconf 81' lang='lat'>55.</span> <span class='ocrx_word' id='word_1_334' title='bbox 1204 4479 1288 4542; x_wconf 87' lang='lat' dir='ltr'>seqq.</span> <span class='ocrx_word' id='word_1_335' title='bbox 1376 4464 1421 4525; x_wconf 82' lang='lat'>58.</span> <span class='ocrx_word' id='word_1_336' title='bbox 1434 4465 1603 4531; x_wconf 63' lang='lat' dir='ltr'>Heautont,</span> <span class='ocrx_word' id='word_1_337' title='bbox 1615 4471 1638 4539; x_wconf 62' lang='lat'>1,</span> <span class='ocrx_word' id='word_1_338' title='bbox 1654 4469 1681 4531; x_wconf 80' lang='lat'>1,</span> <span class='ocrx_word' id='word_1_339' title='bbox 1694 4491 1723 4533; x_wconf 69' lang='lat' dir='ltr'>v,</span> <span class='ocrx_word' id='word_1_340' title='bbox 1736 4467 1786 4543; x_wconf 78' lang='lat'>70,</span> <span class='ocrx_word' id='word_1_341' title='bbox 1799 4490 1887 4555; x_wconf 57' lang='lat' dir='ltr'>ww,</span> 
     </span>
     <span class='ocr_line' id='line_1_33' title="bbox 480 4551 1858 4641; baseline 0.011 -31"><span class='ocrx_word' id='word_1_342' title='bbox 480 4556 526 4616; x_wconf 78' lang='grc'>59.</span> <span class='ocrx_word' id='word_1_343' title='bbox 546 4553 715 4617; x_wconf 77' lang='lat' dir='ltr'>Heautont.</span> <span class='ocrx_word' id='word_1_344' title='bbox 736 4558 757 4617; x_wconf 93' lang='lat'>1.</span> <span class='ocrx_word' id='word_1_345' title='bbox 780 4556 807 4616; x_wconf 92' lang='lat'>1.</span> <span class='ocrx_word' id='word_1_346' title='bbox 825 4578 856 4618; x_wconf 78' lang='lat' dir='ltr'>v.</span> <span class='ocrx_word' id='word_1_347' title='bbox 876 4551 926 4618; x_wconf 83' lang='grc'>76.</span> <span class='ocrx_word' id='word_1_348' title='bbox 947 4577 1038 4641; x_wconf 81' lang='lat' dir='ltr'>seqq-</span> <span class='ocrx_word' id='word_1_349' title='bbox 1848 4616 1858 4625; x_wconf 94' lang='lat'>.</span> 
     </span>
    </p>
   </div>
   <div class='ocr_carea' id='block_1_9' title="bbox 0 0 2186 5536">
    <p class='ocr_par' dir='ltr' id='par_1_17' title="bbox 0 0 2186 5536">
     <span class='ocr_line' id='line_1_34' title="bbox 0 0 2186 5536; baseline 0 2"><span class='ocrx_word' id='word_1_350' title='bbox 0 0 2186 5536; x_wconf 95' lang='lat' dir='ltr'> </span> 
     </span>
    </p>
   </div>
  </div>
 </body>
</html>
