<?xml version="1.0" encoding="UTF-8"?>
<!DOCTYPE html PUBLIC "-//W3C//DTD XHTML 1.0 Transitional//EN"
    "http://www.w3.org/TR/xhtml1/DTD/xhtml1-transitional.dtd">
<html xmlns="http://www.w3.org/1999/xhtml" xml:lang="en" lang="en">
 <head>
  <title>
</title>
<meta http-equiv="Content-Type" content="text/html;charset=utf-8" />
  <meta name='ocr-system' content='tesseract 3.04.00' />
  <meta name='ocr-capabilities' content='ocr_page ocr_carea ocr_par ocr_line ocrx_word'/>
</head>
<body>
  <div class='ocr_page' id='page_1' title='image "./detriumquaegrae00roedgoog_0138.png"; bbox 0 0 4364 5536; ppageno 0'>
   <div class='ocr_carea' id='block_1_1' title="bbox 880 468 1378 592">
    <p class='ocr_par' dir='ltr' id='par_1_1' title="bbox 880 468 1378 592">
     <span class='ocr_line' id='line_1_1' title="bbox 880 468 1378 592; baseline 0.022 -33"><span class='ocrx_word' id='word_1_1' title='bbox 880 468 1378 592; x_wconf 76' lang='lat'>·..&#39;125....</span> 
     </span>
    </p>
   </div>
   <div class='ocr_carea' id='block_1_2' title="bbox 244 699 1960 2025">
    <p class='ocr_par' dir='ltr' id='par_1_2' title="bbox 288 699 1960 1181">
     <span class='ocr_line' id='line_1_2' title="bbox 291 699 1893 822; baseline -0.001 -27"><span class='ocrx_word' id='word_1_2' title='bbox 291 722 394 795; x_wconf 90' lang='lat' dir='ltr'><strong>mino</strong></span> <span class='ocrx_word' id='word_1_3' title='bbox 419 710 629 797; x_wconf 82' lang='lat' dir='ltr'><strong>malesano</strong></span> <span class='ocrx_word' id='word_1_4' title='bbox 656 701 853 815; x_wconf 84' lang='lat' dir='ltr'><strong>adjunctus</strong></span> <span class='ocrx_word' id='word_1_5' title='bbox 879 715 975 788; x_wconf 84' lang='lat' dir='ltr'><strong>sit¹·</strong></span> <span class='ocrx_word' id='word_1_6' title='bbox 1022 716 1167 804; x_wconf 83' lang='lat' dir='ltr'><strong>Deinde</strong></span> <span class='ocrx_word' id='word_1_7' title='bbox 1192 715 1360 817; x_wconf 86' lang='lat' dir='ltr'><strong>ejusdem</strong></span> <span class='ocrx_word' id='word_1_8' title='bbox 1383 699 1501 793; x_wconf 88' lang='lat' dir='ltr'><strong>oratio</strong></span> <span class='ocrx_word' id='word_1_9' title='bbox 1528 719 1687 807; x_wconf 88' lang='lat' dir='ltr'><strong>tenenda</strong></span> <span class='ocrx_word' id='word_1_10' title='bbox 1713 735 1788 811; x_wconf 72' lang='lat' dir='ltr'><strong>est,</strong></span> <span class='ocrx_word' id='word_1_11' title='bbox 1819 745 1893 822; x_wconf 87' lang='lat' dir='ltr'><strong>qua</strong></span> 
     </span>
     <span class='ocr_line' id='line_1_3' title="bbox 291 833 1891 939; baseline 0.001 -27"><span class='ocrx_word' id='word_1_12' title='bbox 291 841 411 912; x_wconf 91' lang='lat' dir='ltr'><strong>omnis</strong></span> <span class='ocrx_word' id='word_1_13' title='bbox 423 839 527 912; x_wconf 79' lang='lat' dir='ltr'><strong>Jovis</strong></span> <span class='ocrx_word' id='word_1_14' title='bbox 550 839 712 939; x_wconf 90' lang='lat' dir='ltr'><strong>potentia</strong></span> <span class='ocrx_word' id='word_1_15' title='bbox 735 833 933 935; x_wconf 86' lang='lat' dir='ltr'><strong>subjuncta</strong></span> <span class='ocrx_word' id='word_1_16' title='bbox 954 837 1026 910; x_wconf 91' lang='lat' dir='ltr'><strong>sub</strong></span> <span class='ocrx_word' id='word_1_17' title='bbox 1048 840 1248 938; x_wconf 89' lang='lat' dir='ltr'><strong>imperium</strong></span> <span class='ocrx_word' id='word_1_18' title='bbox 1265 838 1365 910; x_wconf 93' lang='lat' dir='ltr'><strong>Pluti</strong></span> <span class='ocrx_word' id='word_1_19' title='bbox 1389 838 1644 939; x_wconf 80' lang='lat' dir='ltr'>ditionemque</span> <span class='ocrx_word' id='word_1_20' title='bbox 1667 840 1839 914; x_wconf 82' lang='lat' dir='ltr'><strong>traditur.</strong></span> <span class='ocrx_word' id='word_1_21' title='bbox 1864 847 1891 905; x_wconf 81' lang='lat'><strong>2·</strong></span> 
     </span>
     <span class='ocr_line' id='line_1_4' title="bbox 290 953 1960 1065; baseline 0.003 -34"><span class='ocrx_word' id='word_1_22' title='bbox 290 961 343 1033; x_wconf 88' lang='lat' dir='ltr'><strong>Ne</strong></span> <span class='ocrx_word' id='word_1_23' title='bbox 362 958 474 1065; x_wconf 85' lang='lat' dir='ltr'><strong>plura</strong></span> <span class='ocrx_word' id='word_1_24' title='bbox 506 956 653 1046; x_wconf 84' lang='lat' dir='ltr'><strong>addam,</strong></span> <span class='ocrx_word' id='word_1_25' title='bbox 686 956 864 1057; x_wconf 83' lang='lat' dir='ltr'><strong>legendus</strong></span> <span class='ocrx_word' id='word_1_26' title='bbox 889 959 985 1039; x_wconf 85' lang='lat' dir='ltr'><strong>inter</strong></span> <span class='ocrx_word' id='word_1_27' title='bbox 1010 958 1103 1033; x_wconf 90' lang='lat' dir='ltr'><strong>alios</strong></span> <span class='ocrx_word' id='word_1_28' title='bbox 1128 972 1182 1031; x_wconf 88' lang='lat' dir='ltr'><strong>est</strong></span> <span class='ocrx_word' id='word_1_29' title='bbox 1213 960 1242 1030; x_wconf 93' lang='lat' dir='ltr'><strong>is</strong></span> <span class='ocrx_word' id='word_1_30' title='bbox 1270 957 1387 1048; x_wconf 90' lang='lat' dir='ltr'><strong>locus,</strong></span> <span class='ocrx_word' id='word_1_31' title='bbox 1426 983 1502 1055; x_wconf 81' lang='lat' dir='ltr'><strong>quo</strong></span> <span class='ocrx_word' id='word_1_32' title='bbox 1528 953 1772 1059; x_wconf 75' lang='lat' dir='ltr'><strong>idemCar-io,</strong></span> <span class='ocrx_word' id='word_1_33' title='bbox 1798 960 1893 1062; x_wconf 86' lang='lat' dir='ltr'><strong>qnid</strong></span> <span class='ocrx_word' id='word_1_34' title='bbox 1949 1001 1960 1016; x_wconf 93' lang='lat'><strong>·</strong></span> 
     </span>
     <span class='ocr_line' id='line_1_5' title="bbox 288 1074 1935 1181; baseline 0.002 -28"><span class='ocrx_word' id='word_1_35' title='bbox 288 1080 359 1154; x_wconf 91' lang='lat' dir='ltr'><strong>sihi</strong></span> <span class='ocrx_word' id='word_1_36' title='bbox 387 1081 425 1151; x_wconf 91' lang='lat' dir='ltr'><strong>in</strong></span> <span class='ocrx_word' id='word_1_37' title='bbox 449 1077 588 1175; x_wconf 91' lang='lat' dir='ltr'><strong>templo</strong></span> <span class='ocrx_word' id='word_1_38' title='bbox 612 1077 790 1166; x_wconf 83' lang='lat' dir='ltr'>evenerit,</span> <span class='ocrx_word' id='word_1_39' title='bbox 815 1076 1017 1178; x_wconf 79' lang='lat' dir='ltr'><strong>diligenter</strong></span> <span class='ocrx_word' id='word_1_40' title='bbox 1041 1079 1203 1177; x_wconf 83' lang='lat' dir='ltr'><strong>exponit</strong></span> <span class='ocrx_word' id='word_1_41' title='bbox 1217 1079 1244 1135; x_wconf 83' lang='lat'><strong>³·</strong></span> <span class='ocrx_word' id='word_1_42' title='bbox 1283 1074 1472 1176; x_wconf 70' lang='lat' dir='ltr'><strong>&#39;Persaepe</strong></span> <span class='ocrx_word' id='word_1_43' title='bbox 1498 1076 1688 1172; x_wconf 34' lang='lat' dir='ltr'><strong>etiarnllit,</strong></span> <span class='ocrx_word' id='word_1_44' title='bbox 1716 1096 1756 1153; x_wconf 91' lang='lat' dir='ltr'><strong>ut</strong></span> <span class='ocrx_word' id='word_1_45' title='bbox 1784 1097 1892 1181; x_wconf 80' lang='lat' dir='ltr'><strong>poeta</strong></span> <span class='ocrx_word' id='word_1_46' title='bbox 1932 1168 1935 1174; x_wconf 26' lang='lat'><strong>¹</strong></span> 
     </span>
    </p>

    <p class='ocr_par' dir='ltr' id='par_1_3' title="bbox 290 1193 1916 1300">
     <span class='ocr_line' id='line_1_6' title="bbox 290 1196 1916 1300; baseline 0.001 -26"><span class='ocrx_word' id='word_1_47' title='bbox 290 1200 338 1274; x_wconf 92' lang='lat' dir='ltr'><strong>ad</strong></span> <span class='ocrx_word' id='word_1_48' title='bbox 355 1201 547 1300; x_wconf 74' lang='lat' dir='ltr'><strong>pristinam</strong></span> <span class='ocrx_word' id='word_1_49' title='bbox 570 1196 799 1289; x_wconf 68' lang='lat' dir='ltr'><strong>dicacitatem</strong></span> <span class='ocrx_word' id='word_1_50' title='bbox 820 1205 1040 1289; x_wconf 82' lang='lat' dir='ltr'><strong>revertatur,</strong></span> <span class='ocrx_word' id='word_1_51' title='bbox 1064 1225 1140 1272; x_wconf 92' lang='lat' dir='ltr'><strong>non</strong></span> <span class='ocrx_word' id='word_1_52' title='bbox 1153 1200 1296 1273; x_wconf 91' lang='lat' dir='ltr'><strong>oblitus</strong></span> <span class='ocrx_word' id='word_1_53' title='bbox 1319 1198 1511 1288; x_wconf 79' lang='lat' dir='ltr'><strong>libertatis,</strong></span> <span class='ocrx_word' id='word_1_54' title='bbox 1536 1226 1609 1299; x_wconf 89' lang='lat' dir='ltr'><strong>qua</strong></span> <span class='ocrx_word' id='word_1_55' title='bbox 1631 1203 1749 1299; x_wconf 87' lang='lat' dir='ltr'><strong>prius,</strong></span> <span class='ocrx_word' id='word_1_56' title='bbox 1770 1200 1893 1275; x_wconf 88' lang='lat' dir='ltr'><strong>oblata</strong></span> <span class='ocrx_word' id='word_1_57' title='bbox 1912 1198 1916 1207; x_wconf 71' lang='grc'><strong>’</strong></span> 
     </span>
    </p>

    <p class='ocr_par' dir='ltr' id='par_1_4' title="bbox 291 1319 1914 1421">
     <span class='ocr_line' id='line_1_7' title="bbox 291 1319 1914 1421; baseline 0.002 -29"><span class='ocrx_word' id='word_1_58' title='bbox 291 1321 496 1409; x_wconf 83' lang='lat' dir='ltr'><strong>occasione,</strong></span> <span class='ocrx_word' id='word_1_59' title='bbox 521 1345 567 1391; x_wconf 84' lang='lat' dir='ltr'><strong>ex</strong></span> <span class='ocrx_word' id='word_1_60' title='bbox 590 1319 712 1390; x_wconf 88' lang='lat' dir='ltr'><strong>animo</strong></span> <span class='ocrx_word' id='word_1_61' title='bbox 739 1344 826 1392; x_wconf 90' lang='lat' dir='ltr'><strong>usus</strong></span> <span class='ocrx_word' id='word_1_62' title='bbox 853 1333 954 1391; x_wconf 86' lang='lat' dir='ltr'><strong>essct.</strong></span> <span class='ocrx_word' id='word_1_63' title='bbox 1007 1320 1167 1392; x_wconf 88' lang='lat' dir='ltr'><strong>Possunt</strong></span> <span class='ocrx_word' id='word_1_64' title='bbox 1186 1336 1308 1392; x_wconf 89' lang='lat' dir='ltr'><strong>autern</strong></span> <span class='ocrx_word' id='word_1_65' title='bbox 1330 1321 1463 1394; x_wconf 83' lang='lat' dir='ltr'><strong>referri</strong></span> <span class='ocrx_word' id='word_1_66' title='bbox 1489 1321 1562 1394; x_wconf 88' lang='lat' dir='ltr'><strong>huc</strong></span> <span class='ocrx_word' id='word_1_67' title='bbox 1585 1348 1724 1410; x_wconf 84' lang='lat' dir='ltr'><strong>versus,</strong></span> <span class='ocrx_word' id='word_1_68' title='bbox 1744 1324 1810 1421; x_wconf 90' lang='lat' dir='ltr'><strong>qui</strong></span> <span class='ocrx_word' id='word_1_69' title='bbox 1831 1348 1914 1396; x_wconf 52' lang='lat' dir='ltr'><strong>re»</strong></span> 
     </span>
    </p>

    <p class='ocr_par' dir='ltr' id='par_1_5' title="bbox 244 1429 1945 2025">
     <span class='ocr_line' id='line_1_8' title="bbox 290 1429 1892 1542; baseline 0 -27"><span class='ocrx_word' id='word_1_70' title='bbox 290 1442 405 1515; x_wconf 91' lang='lat' dir='ltr'><strong>tulam</strong></span> <span class='ocrx_word' id='word_1_71' title='bbox 427 1456 465 1513; x_wconf 90' lang='lat' dir='ltr'><strong>et</strong></span> <span class='ocrx_word' id='word_1_72' title='bbox 487 1438 758 1513; x_wconf 84' lang='lat' dir='ltr'><strong>adolescentem</strong></span> <span class='ocrx_word' id='word_1_73' title='bbox 782 1439 978 1538; x_wconf 82' lang='lat' dir='ltr'><strong>exagitant,</strong></span> <span class='ocrx_word' id='word_1_74' title='bbox 1008 1463 1173 1538; x_wconf 88' lang='lat' dir='ltr'><strong>quorum</strong></span> <span class='ocrx_word' id='word_1_75' title='bbox 1194 1438 1269 1528; x_wconf 91' lang='lat' dir='ltr'><strong>hic,</strong></span> <span class='ocrx_word' id='word_1_76' title='bbox 1296 1432 1486 1514; x_wconf 80' lang='lat' dir='ltr'><strong>amoribus</strong></span> <span class='ocrx_word' id='word_1_77' title='bbox 1511 1441 1603 1513; x_wconf 91' lang='lat' dir='ltr'><strong>olim</strong></span> <span class='ocrx_word' id='word_1_78' title='bbox 1628 1429 1771 1542; x_wconf 80' lang='lat' dir='ltr'><strong>captqs,</strong></span> <span class='ocrx_word' id='word_1_79' title='bbox 1795 1471 1892 1518; x_wconf 90' lang='lat' dir='ltr'><strong>ama·</strong></span> 
     </span>
     <span class='ocr_line' id='line_1_9' title="bbox 287 1557 1891 1662; baseline 0 -25"><span class='ocrx_word' id='word_1_80' title='bbox 287 1580 362 1637; x_wconf 85' lang='lat' dir='ltr'><strong>tam</strong></span> <span class='ocrx_word' id='word_1_81' title='bbox 386 1561 560 1661; x_wconf 89' lang='lat' dir='ltr'><strong>repudiat</strong></span> <span class='ocrx_word' id='word_1_82' title='bbox 578 1557 745 1658; x_wconf 89' lang='lat' dir='ltr'><strong>quidem,</strong></span> <span class='ocrx_word' id='word_1_83' title='bbox 765 1559 831 1632; x_wconf 87' lang='lat' dir='ltr'><strong>sed</strong></span> <span class='ocrx_word' id='word_1_84' title='bbox 849 1558 927 1660; x_wconf 91' lang='lat' dir='ltr'><strong>ejus</strong></span> <span class='ocrx_word' id='word_1_85' title='bbox 951 1561 1091 1659; x_wconf 87' lang='lat' dir='ltr'><strong>impetu</strong></span> <span class='ocrx_word' id='word_1_86' title='bbox 1115 1557 1266 1631; x_wconf 89' lang='lat' dir='ltr'><strong>liberari</strong></span> <span class='ocrx_word' id='word_1_87' title='bbox 1288 1575 1417 1658; x_wconf 90' lang='lat' dir='ltr'><strong>potest.</strong></span> <span class='ocrx_word' id='word_1_88' title='bbox 1428 1560 1454 1620; x_wconf 71' lang='lat'><strong>4·</strong></span> <span class='ocrx_word' id='word_1_89' title='bbox 1494 1561 1654 1662; x_wconf 85' lang='lat' dir='ltr'><strong>Insuper</strong></span> <span class='ocrx_word' id='word_1_90' title='bbox 1674 1561 1767 1635; x_wconf 88' lang='lat' dir='ltr'><strong>alius</strong></span> <span class='ocrx_word' id='word_1_91' title='bbox 1788 1563 1891 1637; x_wconf 86' lang='lat' dir='ltr'><strong>locus</strong></span> 
     </span>
     <span class='ocr_line' id='line_1_10' title="bbox 288 1676 1892 1781; baseline 0 -23"><span class='ocrx_word' id='word_1_92' title='bbox 288 1681 551 1758; x_wconf 87' lang='lat' dir='ltr'><strong>memorandus</strong></span> <span class='ocrx_word' id='word_1_93' title='bbox 575 1695 640 1769; x_wconf 92' lang='lat' dir='ltr'><strong>est,</strong></span> <span class='ocrx_word' id='word_1_94' title='bbox 652 1680 677 1737; x_wconf 81' lang='lat'><strong>⁵·</strong></span> <span class='ocrx_word' id='word_1_95' title='bbox 707 1676 814 1779; x_wconf 91' lang='lat' dir='ltr'><strong>cujus</strong></span> <span class='ocrx_word' id='word_1_96' title='bbox 836 1678 925 1752; x_wconf 89' lang='lat' dir='ltr'><strong>haec</strong></span> <span class='ocrx_word' id='word_1_97' title='bbox 950 1681 1044 1751; x_wconf 88' lang='lat' dir='ltr'><strong>ratio</strong></span> <span class='ocrx_word' id='word_1_98' title='bbox 1071 1680 1274 1778; x_wconf 88' lang='lat' dir='ltr'><strong>reperitur:</strong></span> <span class='ocrx_word' id='word_1_99' title='bbox 1301 1704 1388 1755; x_wconf 89' lang='lat' dir='ltr'><strong>cum</strong></span> <span class='ocrx_word' id='word_1_100' title='bbox 1405 1681 1535 1754; x_wconf 90' lang='lat' dir='ltr'><strong>Plutus</strong></span> <span class='ocrx_word' id='word_1_101' title='bbox 1562 1684 1599 1754; x_wconf 93' lang='lat' dir='ltr'><strong>in</strong></span> <span class='ocrx_word' id='word_1_102' title='bbox 1624 1685 1769 1756; x_wconf 87' lang='lat' dir='ltr'><strong>civitate</strong></span> <span class='ocrx_word' id='word_1_103' title='bbox 1791 1679 1892 1781; x_wconf 91' lang='lat' dir='ltr'><strong>justi-</strong></span> 
     </span>
     <span class='ocr_line' id='line_1_11' title="bbox 244 1797 1945 1902; baseline 0 -25"><span class='ocrx_word' id='word_1_104' title='bbox 244 1838 247 1846; x_wconf 50' lang='lat'>*</span> <span class='ocrx_word' id='word_1_105' title='bbox 288 1807 359 1878; x_wconf 90' lang='lat' dir='ltr'><strong>tiae</strong></span> <span class='ocrx_word' id='word_1_106' title='bbox 395 1827 551 1874; x_wconf 89' lang='lat' dir='ltr'><strong>munere</strong></span> <span class='ocrx_word' id='word_1_107' title='bbox 584 1798 752 1902; x_wconf 81' lang='lat' dir='ltr'><strong>fungitur</strong></span> <span class='ocrx_word' id='word_1_108' title='bbox 785 1817 895 1902; x_wconf 88' lang='lat' dir='ltr'><strong>atque</strong></span> <span class='ocrx_word' id='word_1_109' title='bbox 926 1800 1033 1874; x_wconf 87' lang='lat' dir='ltr'><strong>hona</strong></span> <span class='ocrx_word' id='word_1_110' title='bbox 1051 1797 1199 1888; x_wconf 85' lang='lat' dir='ltr'><strong>dividit,</strong></span> <span class='ocrx_word' id='word_1_111' title='bbox 1235 1824 1339 1873; x_wconf 89' lang='lat' dir='ltr'><strong>sacra</strong></span> <span class='ocrx_word' id='word_1_112' title='bbox 1364 1801 1448 1873; x_wconf 83' lang='lat' dir='ltr'><strong>Jovi</strong></span> <span class='ocrx_word' id='word_1_113' title='bbox 1485 1825 1562 1872; x_wconf 91' lang='lat' dir='ltr'><strong>non</strong></span> <span class='ocrx_word' id='word_1_114' title='bbox 1594 1800 1752 1901; x_wconf 89' lang='lat' dir='ltr'><strong>amplius</strong></span> <span class='ocrx_word' id='word_1_115' title='bbox 1786 1800 1889 1877; x_wconf 90' lang='lat' dir='ltr'><strong>fiunt.</strong></span> <span class='ocrx_word' id='word_1_116' title='bbox 1940 1807 1945 1816; x_wconf 85' lang='lat'><em>&#39;</em></span> 
     </span>
     <span class='ocr_line' id='line_1_12' title="bbox 244 1917 1892 2025; baseline 0.002 -31"><span class='ocrx_word' id='word_1_117' title='bbox 244 1983 246 1986; x_wconf 60' lang='grc'>,</span> <span class='ocrx_word' id='word_1_118' title='bbox 289 1922 479 2017; x_wconf 88' lang='lat' dir='ltr'><strong>Quicum</strong></span> <span class='ocrx_word' id='word_1_119' title='bbox 502 1921 572 1995; x_wconf 88' lang='lat' dir='ltr'><strong>hoc</strong></span> <span class='ocrx_word' id='word_1_120' title='bbox 592 1926 836 2024; x_wconf 81' lang='lat' dir='ltr'><strong>cognovisset,</strong></span> <span class='ocrx_word' id='word_1_121' title='bbox 858 1920 1093 1993; x_wconf 84' lang='lat' dir='ltr'><strong>Mercurium</strong></span> <span class='ocrx_word' id='word_1_122' title='bbox 1113 1917 1161 1991; x_wconf 91' lang='lat' dir='ltr'><strong>de</strong></span> <span class='ocrx_word' id='word_1_123' title='bbox 1182 1918 1289 1991; x_wconf 90' lang='lat' dir='ltr'><strong>coelo</strong></span> <span class='ocrx_word' id='word_1_124' title='bbox 1311 1917 1481 2011; x_wconf 88' lang='lat' dir='ltr'><strong>demittit,</strong></span> <span class='ocrx_word' id='word_1_125' title='bbox 1506 1923 1573 2021; x_wconf 88' lang='lat' dir='ltr'><strong>qui</strong></span> <span class='ocrx_word' id='word_1_126' title='bbox 1595 1924 1704 1995; x_wconf 87' lang='lat' dir='ltr'><strong>minis</strong></span> <span class='ocrx_word' id='word_1_127' title='bbox 1724 1924 1892 2025; x_wconf 86' lang='lat' dir='ltr'><strong>inseque-</strong></span> 
     </span>
    </p>
   </div>
   <div class='ocr_carea' id='block_1_3' title="bbox 287 2038 1892 2145">
    <p class='ocr_par' dir='ltr' id='par_1_6' title="bbox 287 2038 1892 2145">
     <span class='ocr_line' id='line_1_13' title="bbox 287 2038 1892 2145; baseline 0.002 -27"><span class='ocrx_word' id='word_1_128' title='bbox 287 2061 393 2119; x_wconf 90' lang='lat' dir='ltr'><strong>retur</strong></span> <span class='ocrx_word' id='word_1_129' title='bbox 414 2043 595 2135; x_wconf 91' lang='lat' dir='ltr'><strong>homines,</strong></span> <span class='ocrx_word' id='word_1_130' title='bbox 620 2043 725 2145; x_wconf 91' lang='lat' dir='ltr'><strong>quod</strong></span> <span class='ocrx_word' id='word_1_131' title='bbox 742 2041 867 2115; x_wconf 88' lang='lat' dir='ltr'><strong>officio</strong></span> <span class='ocrx_word' id='word_1_132' title='bbox 888 2042 1010 2113; x_wconf 90' lang='lat' dir='ltr'><strong>minus</strong></span> <span class='ocrx_word' id='word_1_133' title='bbox 1033 2041 1118 2113; x_wconf 88' lang='lat' dir='ltr'><strong>satis</strong></span> <span class='ocrx_word' id='word_1_134' title='bbox 1145 2038 1353 2115; x_wconf 56' lang='lat' dir='ltr'><strong>fecissent.x</strong></span> <span class='ocrx_word' id='word_1_135' title='bbox 1378 2040 1460 2142; x_wconf 88' lang='lat' dir='ltr'><strong>Ipse</strong></span> <span class='ocrx_word' id='word_1_136' title='bbox 1481 2055 1603 2115; x_wconf 88' lang='lat' dir='ltr'><strong>autem</strong></span> <span class='ocrx_word' id='word_1_137' title='bbox 1626 2046 1797 2137; x_wconf 87' lang='lat' dir='ltr'><strong>nuntius,</strong></span> <span class='ocrx_word' id='word_1_138' title='bbox 1812 2074 1892 2121; x_wconf 92' lang='lat' dir='ltr'><strong>mu·</strong></span> 
     </span>
    </p>
   </div>
   <div class='ocr_carea' id='block_1_4' title="bbox 285 2162 2000 4075">
    <p class='ocr_par' dir='ltr' id='par_1_7' title="bbox 285 2162 2000 4075">
     <span class='ocr_line' id='line_1_14' title="bbox 286 2162 1890 2268; baseline 0.001 -27"><span class='ocrx_word' id='word_1_139' title='bbox 286 2195 376 2241; x_wconf 91' lang='lat' dir='ltr'><strong>nere</strong></span> <span class='ocrx_word' id='word_1_140' title='bbox 402 2166 585 2266; x_wconf 82' lang='lat' dir='ltr'><strong>neglecto,</strong></span> <span class='ocrx_word' id='word_1_141' title='bbox 619 2167 737 2238; x_wconf 92' lang='lat' dir='ltr'><strong>minas</strong></span> <span class='ocrx_word' id='word_1_142' title='bbox 766 2166 805 2237; x_wconf 92' lang='lat' dir='ltr'><strong>in</strong></span> <span class='ocrx_word' id='word_1_143' title='bbox 839 2165 971 2237; x_wconf 88' lang='lat' dir='ltr'><strong>itinere</strong></span> <span class='ocrx_word' id='word_1_144' title='bbox 999 2162 1146 2237; x_wconf 91' lang='lat' dir='ltr'><strong>deridet</strong></span> <span class='ocrx_word' id='word_1_145' title='bbox 1181 2162 1351 2264; x_wconf 86' lang='lat' dir='ltr'><strong>nihilque</strong></span> <span class='ocrx_word' id='word_1_146' title='bbox 1379 2162 1483 2258; x_wconf 85' lang='lat' dir='ltr'><strong>aliud</strong></span> <span class='ocrx_word' id='word_1_147' title='bbox 1506 2179 1623 2254; x_wconf 90' lang='lat' dir='ltr'><strong>curat,</strong></span> <span class='ocrx_word' id='word_1_148' title='bbox 1649 2167 1719 2240; x_wconf 90' lang='lat' dir='ltr'><strong>nisi</strong></span> <span class='ocrx_word' id='word_1_149' title='bbox 1747 2182 1789 2242; x_wconf 92' lang='lat' dir='ltr'><strong>ut</strong></span> <span class='ocrx_word' id='word_1_150' title='bbox 1813 2169 1890 2268; x_wconf 90' lang='lat' dir='ltr'><strong>ipse</strong></span> 
     </span>
     <span class='ocr_line' id='line_1_15' title="bbox 288 2280 1892 2385; baseline 0.001 -23"><span class='ocrx_word' id='word_1_151' title='bbox 288 2291 409 2363; x_wconf 85' lang='lat' dir='ltr'><strong>salvus</strong></span> <span class='ocrx_word' id='word_1_152' title='bbox 433 2291 489 2363; x_wconf 91' lang='lat' dir='ltr'><strong>sit.</strong></span> <span class='ocrx_word' id='word_1_153' title='bbox 544 2284 659 2382; x_wconf 91' lang='lat' dir='ltr'><strong>Quod</strong></span> <span class='ocrx_word' id='word_1_154' title='bbox 685 2301 726 2358; x_wconf 93' lang='lat' dir='ltr'><strong>ut</strong></span> <span class='ocrx_word' id='word_1_155' title='bbox 752 2287 930 2385; x_wconf 89' lang='lat' dir='ltr'><strong>consequi</strong></span> <span class='ocrx_word' id='word_1_156' title='bbox 952 2286 1081 2385; x_wconf 87' lang='lat' dir='ltr'><strong>possit,</strong></span> <span class='ocrx_word' id='word_1_157' title='bbox 1108 2285 1304 2366; x_wconf 84' lang='lat' dir='ltr'><strong>amicitiam</strong></span> <span class='ocrx_word' id='word_1_158' title='bbox 1323 2280 1445 2383; x_wconf 81' lang='lat' dir='ltr'><strong>jungit</strong></span> <span class='ocrx_word' id='word_1_159' title='bbox 1464 2307 1551 2356; x_wconf 91' lang='lat' dir='ltr'><strong>cum</strong></span> <span class='ocrx_word' id='word_1_160' title='bbox 1571 2281 1740 2360; x_wconf 79' lang='lat' dir='ltr'><strong>Curione</strong></span> <span class='ocrx_word' id='word_1_161' title='bbox 1756 2287 1892 2363; x_wconf 82' lang='lat' dir='ltr'><strong>defert-</strong></span> 
     </span>
     <span class='ocr_line' id='line_1_16' title="bbox 289 2401 1885 2509; baseline 0.001 -30"><span class='ocrx_word' id='word_1_162' title='bbox 289 2434 362 2509; x_wconf 85' lang='lat' dir='ltr'><strong>que</strong></span> <span class='ocrx_word' id='word_1_163' title='bbox 388 2405 556 2478; x_wconf 90' lang='lat' dir='ltr'><strong>officium</strong></span> <span class='ocrx_word' id='word_1_164' title='bbox 579 2433 689 2477; x_wconf 90' lang='lat' dir='ltr'><strong>suum</strong></span> <span class='ocrx_word' id='word_1_165' title='bbox 707 2407 923 2500; x_wconf 86' lang='lat' dir='ltr'><strong>Chremylo,</strong></span> <span class='ocrx_word' id='word_1_166' title='bbox 949 2407 1015 2503; x_wconf 89' lang='lat' dir='ltr'><strong>qui</strong></span> <span class='ocrx_word' id='word_1_167' title='bbox 1037 2406 1139 2476; x_wconf 90' lang='lat' dir='ltr'><strong>omni</strong></span> <span class='ocrx_word' id='word_1_168' title='bbox 1165 2404 1348 2477; x_wconf 83' lang='lat' dir='ltr'><strong>felicitatis</strong></span> <span class='ocrx_word' id='word_1_169' title='bbox 1374 2428 1509 2502; x_wconf 80' lang='lat' dir='ltr'><strong>genere</strong></span> <span class='ocrx_word' id='word_1_170' title='bbox 1528 2401 1885 2484; x_wconf 79' lang='lat' dir='ltr'><strong>llorerevideretur.</strong></span> 
     </span>
     <span class='ocr_line' id='line_1_17' title="bbox 288 2521 1891 2625; baseline 0.001 -25"><span class='ocrx_word' id='word_1_171' title='bbox 288 2524 362 2600; x_wconf 86' lang='lat' dir='ltr'><strong>Sed</strong></span> <span class='ocrx_word' id='word_1_172' title='bbox 398 2547 485 2595; x_wconf 89' lang='lat' dir='ltr'><strong>cum</strong></span> <span class='ocrx_word' id='word_1_173' title='bbox 517 2525 547 2594; x_wconf 89' lang='lat' dir='ltr'><strong>is</strong></span> <span class='ocrx_word' id='word_1_174' title='bbox 580 2548 715 2621; x_wconf 91' lang='lat' dir='ltr'><strong>parum</strong></span> <span class='ocrx_word' id='word_1_175' title='bbox 745 2522 902 2595; x_wconf 90' lang='lat' dir='ltr'><strong>idoneus</strong></span> <span class='ocrx_word' id='word_1_176' title='bbox 925 2521 974 2593; x_wconf 89' lang='lat' dir='ltr'><strong>ad</strong></span> <span class='ocrx_word' id='word_1_177' title='bbox 1000 2545 1289 2619; x_wconf 45' lang='lat' dir='ltr'><strong>quamque-rem</strong></span> <span class='ocrx_word' id='word_1_178' title='bbox 1314 2521 1581 2618; x_wconf 82' lang='lat' dir='ltr'><strong>perficiendam</strong></span> <span class='ocrx_word' id='word_1_179' title='bbox 1604 2529 1827 2625; x_wconf 88' lang='lat' dir='ltr'><strong>reperiatur,</strong></span> <span class='ocrx_word' id='word_1_180' title='bbox 1853 2554 1891 2602; x_wconf 86' lang='lat' dir='ltr'><strong>se</strong></span> 
     </span>
     <span class='ocr_line' id='line_1_18' title="bbox 288 2640 1887 2745; baseline 0.002 -26"><span class='ocrx_word' id='word_1_181' title='bbox 288 2646 472 2720; x_wconf 87' lang='lat' dir='ltr'><strong>convertit</strong></span> <span class='ocrx_word' id='word_1_182' title='bbox 494 2640 542 2714; x_wconf 89' lang='lat' dir='ltr'><strong>ad</strong></span> <span class='ocrx_word' id='word_1_183' title='bbox 561 2643 731 2715; x_wconf 90' lang='lat' dir='ltr'><strong>Carionis</strong></span> <span class='ocrx_word' id='word_1_184' title='bbox 754 2641 995 2731; x_wconf 80' lang='lat' dir='ltr'><strong>voluntatem,</strong></span> <span class='ocrx_word' id='word_1_185' title='bbox 1020 2642 1085 2741; x_wconf 87' lang='lat' dir='ltr'><strong>qui</strong></span> <span class='ocrx_word' id='word_1_186' title='bbox 1114 2641 1283 2712; x_wconf 87' lang='lat' dir='ltr'><strong>intestina</strong></span> <span class='ocrx_word' id='word_1_187' title='bbox 1308 2664 1395 2710; x_wconf 91' lang='lat' dir='ltr'><strong>eum</strong></span> <span class='ocrx_word' id='word_1_188' title='bbox 1421 2640 1460 2710; x_wconf 94' lang='lat' dir='ltr'><strong>in</strong></span> <span class='ocrx_word' id='word_1_189' title='bbox 1485 2654 1598 2739; x_wconf 91' lang='lat' dir='ltr'><strong>puteo</strong></span> <span class='ocrx_word' id='word_1_190' title='bbox 1623 2644 1749 2718; x_wconf 88' lang='lat' dir='ltr'><strong>eluere</strong></span> <span class='ocrx_word' id='word_1_191' title='bbox 1773 2644 1887 2745; x_wconf 84' lang='lat' dir='ltr'><strong>jubet</strong></span> 
     </span>
     <span class='ocr_line' id='line_1_19' title="bbox 287 2756 1891 2866; baseline 0.002 -26"><span class='ocrx_word' id='word_1_192' title='bbox 287 2767 375 2865; x_wconf 89' lang='lat' dir='ltr'><strong>Quo</strong></span> <span class='ocrx_word' id='word_1_193' title='bbox 408 2768 447 2839; x_wconf 94' lang='lat' dir='ltr'><strong>in</strong></span> <span class='ocrx_word' id='word_1_194' title='bbox 472 2763 569 2855; x_wconf 89' lang='lat' dir='ltr'><strong>loco,</strong></span> <span class='ocrx_word' id='word_1_195' title='bbox 601 2787 678 2863; x_wconf 90' lang='lat' dir='ltr'><strong>quo</strong></span> <span class='ocrx_word' id='word_1_196' title='bbox 709 2760 886 2835; x_wconf 85' lang='lat' dir='ltr'><strong>accedere</strong></span> <span class='ocrx_word' id='word_1_197' title='bbox 918 2775 1039 2863; x_wconf 90' lang='lat' dir='ltr'><strong>potest</strong></span> <span class='ocrx_word' id='word_1_198' title='bbox 1065 2756 1266 2832; x_wconf 89' lang='lat' dir='ltr'><strong>sacerdotis</strong></span> <span class='ocrx_word' id='word_1_199' title='bbox 1301 2763 1657 2853; x_wconf 82' lang='lat' dir='ltr'><strong>commemoratio,⁶·</strong></span> <span class='ocrx_word' id='word_1_200' title='bbox 1691 2769 1772 2866; x_wconf 89' lang='lat' dir='ltr'><strong>qui,</strong></span> <span class='ocrx_word' id='word_1_201' title='bbox 1804 2795 1891 2843; x_wconf 92' lang='lat' dir='ltr'><strong>cum</strong></span> 
     </span>
     <span class='ocr_line' id='line_1_20' title="bbox 286 2878 1888 2991; baseline 0 -28"><span class='ocrx_word' id='word_1_202' title='bbox 286 2897 389 2964; x_wconf 87' lang='lat' dir='ltr'><strong>aram</strong></span> <span class='ocrx_word' id='word_1_203' title='bbox 412 2912 565 2961; x_wconf 84' lang='lat' dir='ltr'><strong>vacuam</strong></span> <span class='ocrx_word' id='word_1_204' title='bbox 589 2885 754 2974; x_wconf 82' lang='lat' dir='ltr'><strong>vidisset,</strong></span> <span class='ocrx_word' id='word_1_205' title='bbox 795 2882 894 2954; x_wconf 86' lang='lat' dir='ltr'><strong>Pluti</strong></span> <span class='ocrx_word' id='word_1_206' title='bbox 927 2893 1072 2979; x_wconf 88' lang='lat' dir='ltr'><strong>partem</strong></span> <span class='ocrx_word' id='word_1_207' title='bbox 1096 2880 1199 2978; x_wconf 84' lang='lat' dir='ltr'><strong>sequi</strong></span> <span class='ocrx_word' id='word_1_208' title='bbox 1227 2878 1371 2969; x_wconf 91' lang='lat' dir='ltr'><strong>maluit,</strong></span> <span class='ocrx_word' id='word_1_209' title='bbox 1412 2906 1490 2980; x_wconf 88' lang='lat' dir='ltr'><strong>quo</strong></span> <span class='ocrx_word' id='word_1_210' title='bbox 1517 2882 1555 2956; x_wconf 94' lang='lat' dir='ltr'><strong>in</strong></span> <span class='ocrx_word' id='word_1_211' title='bbox 1582 2884 1679 2979; x_wconf 91' lang='lat' dir='ltr'><strong>loco,</strong></span> <span class='ocrx_word' id='word_1_212' title='bbox 1721 2891 1888 2991; x_wconf 86' lang='lat' dir='ltr'><strong>inquam,</strong></span> 
     </span>
     <span class='ocr_line' id='line_1_21' title="bbox 286 2996 1888 3114; baseline 0.001 -29"><span class='ocrx_word' id='word_1_213' title='bbox 286 3039 400 3114; x_wconf 92' lang='lat' dir='ltr'><strong>quam</strong></span> <span class='ocrx_word' id='word_1_214' title='bbox 423 3009 539 3082; x_wconf 89' lang='lat' dir='ltr'><strong>multa</strong></span> <span class='ocrx_word' id='word_1_215' title='bbox 570 2998 702 3080; x_wconf 82' lang='lat' dir='ltr'><strong>acerba</strong></span> <span class='ocrx_word' id='word_1_216' title='bbox 728 3003 935 3091; x_wconf 89' lang='lat' dir='ltr'><strong>dictasint,</strong></span> <span class='ocrx_word' id='word_1_217' title='bbox 971 2996 1127 3095; x_wconf 82' lang='lat' dir='ltr'><strong>intelligi</strong></span> <span class='ocrx_word' id='word_1_218' title='bbox 1158 2999 1317 3070; x_wconf 82' lang='lat' dir='ltr'><strong>maxime</strong></span> <span class='ocrx_word' id='word_1_219' title='bbox 1347 3017 1480 3100; x_wconf 88' lang='lat' dir='ltr'><strong>potest,</strong></span> <span class='ocrx_word' id='word_1_220' title='bbox 1512 3029 1600 3078; x_wconf 92' lang='lat' dir='ltr'><strong>cum</strong></span> <span class='ocrx_word' id='word_1_221' title='bbox 1624 3007 1888 3109; x_wconf 86' lang='lat' dir='ltr'><strong>ponderamus,</strong></span> 
     </span>
     <span class='ocr_line' id='line_1_22' title="bbox 287 3112 1890 3228; baseline 0 -22"><span class='ocrx_word' id='word_1_222' title='bbox 287 3133 439 3206; x_wconf 89' lang='lat' dir='ltr'><strong>Plutum</strong></span> <span class='ocrx_word' id='word_1_223' title='bbox 458 3130 570 3203; x_wconf 91' lang='lat' dir='ltr'><strong>talem</strong></span> <span class='ocrx_word' id='word_1_224' title='bbox 594 3124 808 3228; x_wconf 83' lang='lat' dir='ltr'><strong>significari,</strong></span> <span class='ocrx_word' id='word_1_225' title='bbox 834 3122 899 3221; x_wconf 87' lang='lat' dir='ltr'><strong>qui</strong></span> <span class='ocrx_word' id='word_1_226' title='bbox 926 3118 1094 3188; x_wconf 84' lang='lat' dir='ltr'><strong>omnium</strong></span> <span class='ocrx_word' id='word_1_227' title='bbox 1119 3112 1278 3187; x_wconf 79' lang='lat' dir='ltr'><strong>de01&#39;um</strong></span> <span class='ocrx_word' id='word_1_228' title='bbox 1302 3115 1474 3193; x_wconf 81' lang='lat' dir='ltr'><strong>(lominus</strong></span> <span class='ocrx_word' id='word_1_229' title='bbox 1499 3138 1609 3224; x_wconf 88' lang='lat' dir='ltr'><strong>atque</strong></span> <span class='ocrx_word' id='word_1_230' title='bbox 1633 3126 1813 3205; x_wconf 88' lang='lat' dir='ltr'><strong>humanae</strong></span> <span class='ocrx_word' id='word_1_231' title='bbox 1838 3134 1890 3206; x_wconf 83' lang='lat' dir='ltr'><strong>se-</strong></span> 
     </span>
     <span class='ocr_line' id='line_1_23' title="bbox 286 3233 2000 3354; baseline -0.001 -26"><span class='ocrx_word' id='word_1_232' title='bbox 286 3256 431 3328; x_wconf 87' lang='lat' dir='ltr'><strong>licitatis</strong></span> <span class='ocrx_word' id='word_1_233' title='bbox 455 3264 584 3324; x_wconf 90' lang='lat' dir='ltr'><strong>auctor</strong></span> <span class='ocrx_word' id='word_1_234' title='bbox 609 3246 801 3321; x_wconf 90' lang='lat' dir='ltr'><strong>habendus</strong></span> <span class='ocrx_word' id='word_1_235' title='bbox 826 3246 883 3318; x_wconf 83' lang='lat' dir='ltr'><strong>sit</strong></span> <span class='ocrx_word' id='word_1_236' title='bbox 935 3238 1128 3331; x_wconf 78' lang='lat' dir='ltr'><strong>Quantum</strong></span> <span class='ocrx_word' id='word_1_237' title='bbox 1152 3233 1317 3337; x_wconf 83' lang='lat' dir='ltr'><strong>denique</strong></span> <span class='ocrx_word' id='word_1_238' title='bbox 1344 3236 1511 3313; x_wconf 86' lang='lat' dir='ltr'><strong>licentiae</strong></span> <span class='ocrx_word' id='word_1_239' title='bbox 1528 3244 1792 3348; x_wconf 87' lang='lat' dir='ltr'><strong>Aristophanes</strong></span> <span class='ocrx_word' id='word_1_240' title='bbox 1819 3254 1889 3326; x_wconf 91' lang='lat' dir='ltr'><strong>sihi</strong></span> <span class='ocrx_word' id='word_1_241' title='bbox 1995 3348 2000 3354; x_wconf 13' lang='grc' dir='ltr'>ἱ</span> 
     </span>
     <span class='ocr_line' id='line_1_24' title="bbox 285 3353 1888 3469; baseline -0.002 -18"><span class='ocrx_word' id='word_1_242' title='bbox 285 3401 432 3451; x_wconf 87' lang='lat' dir='ltr'><strong>servare</strong></span> <span class='ocrx_word' id='word_1_243' title='bbox 454 3369 630 3456; x_wconf 83' lang='lat' dir='ltr'><strong>voluerit,</strong></span> <span class='ocrx_word' id='word_1_244' title='bbox 673 3380 714 3439; x_wconf 89' lang='lat' dir='ltr'><strong>ut</strong></span> <span class='ocrx_word' id='word_1_245' title='bbox 741 3367 850 3439; x_wconf 91' lang='lat' dir='ltr'><strong>etiam</strong></span> <span class='ocrx_word' id='word_1_246' title='bbox 874 3356 1040 3459; x_wconf 84' lang='lat' dir='ltr'><strong>singulos</strong></span> <span class='ocrx_word' id='word_1_247' title='bbox 1067 3353 1234 3428; x_wconf 89' lang='lat' dir='ltr'><strong>homines</strong></span> <span class='ocrx_word' id='word_1_248' title='bbox 1261 3358 1411 3455; x_wconf 87' lang='lat' dir='ltr'><strong>parcius</strong></span> <span class='ocrx_word' id='word_1_249' title='bbox 1437 3359 1591 3461; x_wconf 90' lang='lat' dir='ltr'><strong>quidem</strong></span> <span class='ocrx_word' id='word_1_250' title='bbox 1620 3386 1801 3469; x_wconf 87' lang='lat' dir='ltr'><strong>carperet,</strong></span> <span class='ocrx_word' id='word_1_251' title='bbox 1841 3372 1888 3446; x_wconf 91' lang='lat' dir='ltr'><strong>de</strong></span> 
     </span>
     <span class='ocr_line' id='line_1_25' title="bbox 286 3476 1891 3595; baseline -0.001 -26"><span class='ocrx_word' id='word_1_252' title='bbox 286 3522 329 3570; x_wconf 93' lang='lat' dir='ltr'><strong>eo</strong></span> <span class='ocrx_word' id='word_1_253' title='bbox 355 3488 529 3595; x_wconf 86' lang='lat' dir='ltr'><strong>pluribus</strong></span> <span class='ocrx_word' id='word_1_254' title='bbox 553 3484 834 3586; x_wconf 84' lang='lat' dir='ltr'><strong>infradicetur.</strong></span> <span class='ocrx_word' id='word_1_255' title='bbox 887 3482 983 3553; x_wconf 89' lang='lat' dir='ltr'><strong>Toto</strong></span> <span class='ocrx_word' id='word_1_256' title='bbox 1008 3489 1130 3550; x_wconf 90' lang='lat' dir='ltr'><strong>autem</strong></span> <span class='ocrx_word' id='word_1_257' title='bbox 1156 3476 1235 3568; x_wconf 90' lang='lat' dir='ltr'><strong>illo,</strong></span> <span class='ocrx_word' id='word_1_258' title='bbox 1262 3477 1368 3578; x_wconf 90' lang='lat' dir='ltr'><strong>quod</strong></span> <span class='ocrx_word' id='word_1_259' title='bbox 1388 3494 1599 3573; x_wconf 89' lang='lat' dir='ltr'><strong>tractamus,</strong></span> <span class='ocrx_word' id='word_1_260' title='bbox 1622 3493 1891 3568; x_wconf 90' lang='lat' dir='ltr'><strong>sententiarum-</strong></span> 
     </span>
     <span class='ocr_line' id='line_1_26' title="bbox 285 3597 1887 3719; baseline -0.002 -29"><span class='ocrx_word' id='word_1_261' title='bbox 285 3641 419 3719; x_wconf 80' lang='lat' dir='ltr'><strong>genere</strong></span> <span class='ocrx_word' id='word_1_262' title='bbox 444 3611 561 3685; x_wconf 92' lang='lat' dir='ltr'><strong>multa</strong></span> <span class='ocrx_word' id='word_1_263' title='bbox 587 3611 725 3697; x_wconf 88' lang='lat' dir='ltr'><strong>insunt,</strong></span> <span class='ocrx_word' id='word_1_264' title='bbox 767 3630 865 3707; x_wconf 90' lang='lat' dir='ltr'><strong>quae</strong></span> <span class='ocrx_word' id='word_1_265' title='bbox 896 3599 1039 3674; x_wconf 90' lang='lat' dir='ltr'><strong>medios</strong></span> <span class='ocrx_word' id='word_1_266' title='bbox 1069 3611 1196 3696; x_wconf 89' lang='lat' dir='ltr'><strong>poetas</strong></span> <span class='ocrx_word' id='word_1_267' title='bbox 1228 3597 1276 3671; x_wconf 87' lang='lat' dir='ltr'><strong>ab</strong></span> <span class='ocrx_word' id='word_1_268' title='bbox 1309 3603 1451 3702; x_wconf 88' lang='lat' dir='ltr'><strong>antiqui</strong></span> <span class='ocrx_word' id='word_1_269' title='bbox 1488 3608 1632 3704; x_wconf 77' lang='lat' dir='ltr'><strong>generis</strong></span> <span class='ocrx_word' id='word_1_270' title='bbox 1664 3605 1887 3688; x_wconf 83' lang='lat' dir='ltr'><strong>sublimitate</strong></span> 
     </span>
     <span class='ocr_line' id='line_1_27' title="bbox 285 3719 1884 3833; baseline -0.004 -21"><span class='ocrx_word' id='word_1_271' title='bbox 285 3732 543 3833; x_wconf 87' lang='lat' dir='ltr'><strong>sentiendique</strong></span> <span class='ocrx_word' id='word_1_272' title='bbox 558 3730 735 3831; x_wconf 80' lang='lat' dir='ltr'><strong>gravitate</strong></span> <span class='ocrx_word' id='word_1_273' title='bbox 759 3721 929 3824; x_wconf 89' lang='lat' dir='ltr'><strong>delapsos</strong></span> <span class='ocrx_word' id='word_1_274' title='bbox 947 3719 1162 3817; x_wconf 87' lang='lat' dir='ltr'><strong>ostendant;</strong></span> <span class='ocrx_word' id='word_1_275' title='bbox 1186 3720 1291 3820; x_wconf 90' lang='lat' dir='ltr'><strong>quod</strong></span> <span class='ocrx_word' id='word_1_276' title='bbox 1314 3748 1361 3794; x_wconf 88' lang='lat' dir='ltr'><strong>ne</strong></span> <span class='ocrx_word' id='word_1_277' title='bbox 1381 3737 1519 3796; x_wconf 89' lang='lat' dir='ltr'><strong>temere</strong></span> <span class='ocrx_word' id='word_1_278' title='bbox 1540 3725 1681 3800; x_wconf 91' lang='lat' dir='ltr'><strong>dictum</strong></span> <span class='ocrx_word' id='word_1_279' title='bbox 1700 3728 1884 3826; x_wconf 82' lang='lat' dir='ltr'><strong>videatur,</strong></span> 
     </span>
     <span class='ocr_line' id='line_1_28' title="bbox 286 3840 1884 3949; baseline -0.004 -17"><span class='ocrx_word' id='word_1_280' title='bbox 286 3856 526 3933; x_wconf 87' lang='lat' dir='ltr'><strong>conserantur</strong></span> <span class='ocrx_word' id='word_1_281' title='bbox 546 3840 747 3939; x_wconf 85' lang='lat' dir='ltr'><strong>sermones,</strong></span> <span class='ocrx_word' id='word_1_282' title='bbox 765 3873 862 3949; x_wconf 87' lang='lat' dir='ltr'><strong>quos</strong></span> <span class='ocrx_word' id='word_1_283' title='bbox 877 3843 1099 3944; x_wconf 88' lang='lat' dir='ltr'><strong>Chremylus</strong></span> <span class='ocrx_word' id='word_1_284' title='bbox 1118 3856 1155 3915; x_wconf 88' lang='lat' dir='ltr'><strong>at</strong></span> <span class='ocrx_word' id='word_1_285' title='bbox 1168 3841 1426 3943; x_wconf 88' lang='lat' dir='ltr'><strong>Blepsidemus</strong></span> <span class='ocrx_word' id='word_1_286' title='bbox 1445 3847 1541 3917; x_wconf 88' lang='lat' dir='ltr'><strong>inter</strong></span> <span class='ocrx_word' id='word_1_287' title='bbox 1557 3871 1596 3919; x_wconf 90' lang='lat' dir='ltr'><strong>se</strong></span> <span class='ocrx_word' id='word_1_288' title='bbox 1613 3846 1833 3927; x_wconf 88' lang='lat' dir='ltr'><strong>habuerunt.</strong></span> <span class='ocrx_word' id='word_1_289' title='bbox 1859 3859 1884 3914; x_wconf 82' lang='lat' dir='ltr'><strong>t.</strong></span> 
     </span>
     <span class='ocr_line' id='line_1_29' title="bbox 286 3959 1884 4075; baseline -0.002 -22"><span class='ocrx_word' id='word_1_290' title='bbox 286 3983 364 4053; x_wconf 85' lang='lat' dir='ltr'><strong>Hac</strong></span> <span class='ocrx_word' id='word_1_291' title='bbox 385 3982 423 4052; x_wconf 92' lang='lat' dir='ltr'><strong>in</strong></span> <span class='ocrx_word' id='word_1_292' title='bbox 443 4004 497 4069; x_wconf 92' lang='lat' dir='ltr'><strong>re,</strong></span> <span class='ocrx_word' id='word_1_293' title='bbox 524 3971 630 4075; x_wconf 89' lang='lat' dir='ltr'><strong>quod</strong></span> <span class='ocrx_word' id='word_1_294' title='bbox 653 3970 805 4045; x_wconf 90' lang='lat' dir='ltr'><strong>omnino</strong></span> <span class='ocrx_word' id='word_1_295' title='bbox 832 3962 1034 4039; x_wconf 90' lang='lat' dir='ltr'><strong>tenendum</strong></span> <span class='ocrx_word' id='word_1_296' title='bbox 1056 3976 1122 4052; x_wconf 87' lang='lat' dir='ltr'><strong>est,</strong></span> <span class='ocrx_word' id='word_1_297' title='bbox 1149 3959 1250 4036; x_wconf 90' lang='lat' dir='ltr'><strong>haud</strong></span> <span class='ocrx_word' id='word_1_298' title='bbox 1278 3962 1358 4037; x_wconf 84' lang='lat' dir='ltr'><strong>leve</strong></span> <span class='ocrx_word' id='word_1_299' title='bbox 1383 3961 1582 4038; x_wconf 90' lang='lat' dir='ltr'><strong>discrimen</strong></span> <span class='ocrx_word' id='word_1_300' title='bbox 1606 3971 1773 4047; x_wconf 86' lang='lat' dir='ltr'><strong>cernitur</strong></span> <span class='ocrx_word' id='word_1_301' title='bbox 1792 3978 1884 4050; x_wconf 89' lang='lat' dir='ltr'><strong>utri-</strong></span> 
     </span>
    </p>
   </div>
   <div class='ocr_carea' id='block_1_5' title="bbox 284 4094 652 4212">
    <p class='ocr_par' dir='ltr' id='par_1_8' title="bbox 284 4094 652 4212">
     <span class='ocr_line' id='line_1_30' title="bbox 284 4094 652 4212; baseline -0.03 -36"><span class='ocrx_word' id='word_1_302' title='bbox 284 4128 403 4202; x_wconf 91' lang='lat' dir='ltr'><strong>usque</strong></span> <span class='ocrx_word' id='word_1_303' title='bbox 429 4094 652 4212; x_wconf 75' lang='lat' dir='ltr'><strong>comoediae.</strong></span> 
     </span>
    </p>
   </div>
   <div class='ocr_carea' id='block_1_6' title="bbox 369 4479 1883 4676">
    <p class='ocr_par' dir='ltr' id='par_1_9' title="bbox 369 4479 1883 4676">
     <span class='ocr_line' id='line_1_31' title="bbox 369 4479 1883 4576; baseline 0.005 -31"><span class='ocrx_word' id='word_1_304' title='bbox 369 4496 392 4551; x_wconf 87' lang='lat' dir='ltr'><strong>t.</strong></span> <span class='ocrx_word' id='word_1_305' title='bbox 413 4489 500 4553; x_wconf 91' lang='lat' dir='ltr'><strong>Pluti</strong></span> <span class='ocrx_word' id='word_1_306' title='bbox 522 4487 590 4548; x_wconf 89' lang='lat' dir='ltr'><strong>init.</strong></span> <span class='ocrx_word' id='word_1_307' title='bbox 651 4490 678 4547; x_wconf 81' lang='lat'><strong>2.</strong></span> <span class='ocrx_word' id='word_1_308' title='bbox 699 4485 777 4548; x_wconf 75' lang='lat' dir='ltr'><strong>tuit</strong></span> <span class='ocrx_word' id='word_1_309' title='bbox 798 4505 827 4550; x_wconf 78' lang='lat' dir='ltr'><strong>v.</strong></span> <span class='ocrx_word' id='word_1_310' title='bbox 845 4481 914 4552; x_wconf 81' lang='lat'>130.</span> <span class='ocrx_word' id='word_1_311' title='bbox 926 4505 1011 4568; x_wconf 85' lang='lat' dir='ltr'><strong>seqq.</strong></span> <span class='ocrx_word' id='word_1_312' title='bbox 1074 4484 1102 4543; x_wconf 76' lang='grc'><strong>3.</strong></span> <span class='ocrx_word' id='word_1_313' title='bbox 1120 4483 1206 4546; x_wconf 87' lang='lat' dir='ltr'><strong>Plnt.</strong></span> <span class='ocrx_word' id='word_1_314' title='bbox 1228 4502 1256 4548; x_wconf 80' lang='lat' dir='ltr'><strong>v.</strong></span> <span class='ocrx_word' id='word_1_315' title='bbox 1272 4479 1342 4546; x_wconf 77' lang='lat'><strong>672.</strong></span> <span class='ocrx_word' id='word_1_316' title='bbox 1360 4502 1444 4567; x_wconf 81' lang='lat' dir='ltr'><strong>seqq.</strong></span> <span class='ocrx_word' id='word_1_317' title='bbox 1506 4485 1536 4548; x_wconf 76' lang='grc'><strong>4.</strong></span> <span class='ocrx_word' id='word_1_318' title='bbox 1552 4485 1633 4550; x_wconf 85' lang='lat' dir='ltr'><strong>lhid.</strong></span> <span class='ocrx_word' id='word_1_319' title='bbox 1650 4508 1680 4549; x_wconf 81' lang='lat' dir='ltr'><strong>v.</strong></span> <span class='ocrx_word' id='word_1_320' title='bbox 1695 4484 1783 4553; x_wconf 78' lang='lat'><strong>1⁰43.</strong></span> <span class='ocrx_word' id='word_1_321' title='bbox 1799 4510 1883 4576; x_wconf 81' lang='lat' dir='ltr'><strong>seqq.</strong></span> 
     </span>
     <span class='ocr_line' id='line_1_32' title="bbox 483 4586 1720 4676; baseline -0.002 -22"><span class='ocrx_word' id='word_1_322' title='bbox 483 4597 509 4655; x_wconf 83' lang='grc'><strong>5.</strong></span> <span class='ocrx_word' id='word_1_323' title='bbox 527 4592 619 4666; x_wconf 63' lang='lat' dir='ltr'><strong>Plut.¹</strong></span> <span class='ocrx_word' id='word_1_324' title='bbox 638 4612 667 4652; x_wconf 79' lang='lat' dir='ltr'><strong>v.</strong></span> <span class='ocrx_word' id='word_1_325' title='bbox 692 4587 780 4657; x_wconf 81' lang='lat'>1100.</span> <span class='ocrx_word' id='word_1_326' title='bbox 804 4610 888 4673; x_wconf 79' lang='lat' dir='ltr'><strong>seqq.</strong></span> <span class='ocrx_word' id='word_1_327' title='bbox 972 4588 999 4650; x_wconf 75' lang='grc' dir='ltr'><strong>ὕ.</strong></span> <span class='ocrx_word' id='word_1_328' title='bbox 1020 4586 1099 4676; x_wconf 70' lang='lat' dir='ltr'><strong>thid,</strong></span> <span class='ocrx_word' id='word_1_329' title='bbox 1120 4609 1149 4648; x_wconf 76' lang='lat' dir='ltr'><strong>v.</strong></span> <span class='ocrx_word' id='word_1_330' title='bbox 1172 4586 1261 4652; x_wconf 78' lang='lat'><strong>1173.</strong></span> <span class='ocrx_word' id='word_1_331' title='bbox 1349 4589 1374 4648; x_wconf 86' lang='grc'><strong>7.</strong></span> <span class='ocrx_word' id='word_1_332' title='bbox 1394 4587 1473 4661; x_wconf 69' lang='lat' dir='ltr'><strong>tttt</strong></span> <span class='ocrx_word' id='word_1_333' title='bbox 1495 4610 1524 4650; x_wconf 79' lang='lat' dir='ltr'><strong>v.</strong></span> <span class='ocrx_word' id='word_1_334' title='bbox 1545 4587 1615 4653; x_wconf 81' lang='lat'><strong>³35.</strong></span> <span class='ocrx_word' id='word_1_335' title='bbox 1636 4611 1720 4674; x_wconf 83' lang='lat' dir='ltr'><strong>seqq.</strong></span> 
     </span>
    </p>
   </div>
   <div class='ocr_carea' id='block_1_7' title="bbox 0 0 2186 5536">
    <p class='ocr_par' dir='ltr' id='par_1_10' title="bbox 0 0 2186 5536">
     <span class='ocr_line' id='line_1_33' title="bbox 0 0 2186 5536; baseline 0 3"><span class='ocrx_word' id='word_1_336' title='bbox 0 0 2186 5536; x_wconf 95' lang='lat' dir='ltr'><strong> </strong></span> 
     </span>
    </p>
   </div>
  </div>
 </body>
</html>
