4364 5536
801 500 1080 612 *799-

134 717 321 824 quidem
311 734 360 795 ιιι
377 741 606 820 expressum,
623 711 941 819 quemadmodum
954 711 1115 794 idem'
1080 725 1157 795 ιιι
1150 719 1393 796 doctissimus
1412 719 1600 807 luculente
1616 733 1735 795 osten·

13 870 16 877 ·
134 841 207 934 dit,
217 844 262 902 ⁹⁰·
288 859 331 917 ut
347 866 545 944 personam
563 854 677 939 gerat
687 843 831 942 priscae
856 842 993 934 aetatis,
1014 865 1123 952 quae,
1151 820 1319 944 deposita
1337 844 1412 916 vita
1431 844 1568 916 rustica
1590 839 1735 915 eadem·

135 988 211 1066 que
214 962 374 1052 sobria,
400 958 535 1060 junctis
559 961 804 1036 matrimoniis
828 948 1035 1056 nobilihus,
1072 963 1254 1038 solutiore
1281 959 1445 1035 liliorum
1468 964 1544 1036 rita
1569 959 1735 1063 indeque

133 1097 323 1179 contracto
349 1089 434 1156 aere
459 1081 581 1155 alieno
613 1083 780 1184 ortisque
808 1087 940 1179 causis,
977 1086 1133 1160 omnino
1162 1098 1285 1158 autem
1311 1083 1506 1160 rhetorum
1536 1082 1738 1189 disciplina

133 1203 380 1307 sophistarum
399 1228 504 1277 more
532 1203 696 1290 instituta
723 1228 833 1277 suum
852 1204 969 1307 ipsius
995 1207 1149 1281 exitium
1167 1231 1386 1312 comparare
1403 1204 1585 1280 rideatur
1628 1202 1735 1299 Quae

83 1396 84 1403 ,
133 1348 219 1421 cum
245 1324 294 1413 ita
318 1325 406 1414 sint,
433 1321 659 1425 Strepsiadis
683 1348 821 1397 nomen
847 1325 1068 1427 explicatur,
1100 1328 1203 1439 quasi
1229 1320 1421 1429 significet
1434 1325 1646 1414 hominem,
1667 1324 1736 1424 qui

133 1443 254 1519 adres
274 1444 388 1518 malas
412 1469 612 1520 conversus
636 1446 684 1521 sit
705 1442 858 1550 jurique
894 1474 1070 1549 perverse
1100 1445 1381 1550 interpretando
1406 1431 1563 1522 studeat
1613 1443 1736 1518 Habe·
1800 1548 1804 1557 Α

131 1589 214 1639 mus
256 1566 365 1640 etiam
406 1567 563 1641 aliarum
596 1566 808 1642 fabularum
841 1592 1033 1675 personas,
1077 1592 1174 1669 quae
1205 1563 1355 1640 adhoc
1385 1593 1501 1670 genus
1533 1567 1736 1669 pertinent,

134 1708 306 1787 quaeque
331 1689 456 1760 aetatis
481 1690 664 1762 rationem
690 1702 754 1760 aut
782 1687 919 1790 populi
940 1700 1109 1779 naturam
1138 1691 1365 1790 exprimunt,
1398 1695 1440 1764 in
1465 1712 1543 1791 quo
1568 1691 1738 1788 priscum
1779 1785 1786 1800 ἱ

131 1807 179 1909 sit
197 1806 330 1922 robur,
349 1807 416 1882 sed
437 1811 590 1885 mistum
608 1806 819 1882 infirmitate
840 1805 1000 1908 quadam
1007 1835 1018 1901 ς
1038 1803 1238 1907 adjicerem
1254 1834 1383 1882 earum
1402 1812 1642 1900 mentionem,
1663 1807 1736 1882 nisi

131 1919 348 2022 metuerem,
372 1957 420 2003 ne
446 1929 648 2032 disputatio
675 1942 800 2001 nostra
824 1924 924 2028 justo
950 1926 1061 2000 latior
1080 1924 1194 2001 fieret.
1235 1926 1310 2002 Sed
1333 1942 1455 2002 tannen
1473 1954 1551 2007 non
1574 1928 1739 2002 alienum

131 2076 152 2121 ι
171 2051 326 2125 consilio
348 2053 473 2154 putavi
499 2052 649 2141 fore,
622 2076 651 2125 st
673 2051 935 2151 congessissem
960 2049 1113 2152 locus,
1104 2078 1143 2121 m
1164 2047 1302 2173 quibus
1321 2064 1432 2151 poeta
1451 2052 1597 2125 civium
1611 2072 1753 2142 mores,

80 2256 86 2263 ,
131 2169 334 2276 depingere
358 2174 491 2264 voluit,
516 2185 558 2246 ut
583 2185 710 2271 aperta
734 2195 864 2243 eorum
891 2173 1011 2270 imago
1034 2171 1290 2270 praeberetur.
1341 2171 1392 2244 Ut
1416 2169 1472 2263 id,
1496 2169 1603 2274 quod
1627 2169 1736 2243 volu·

130 2317 225 2384 mus,
250 2291 444 2369 nonnullis
463 2289 645 2392 exemplis
669 2276 862 2363 eluceat:
852 2317 892 2362 ιιι
908 2288 1208 2365 Acharnensibus
1228 2289 1318 2365 tales
1336 2289 1575 2399 Athenienses
1601 2287 1739 2386 dicun-¹

131 2425 215 2501 tur,
229 2414 295 2511 qui
316 2411 483 2484 homines
507 2441 528 2484 a
551 2415 690 2485 virtute
711 2412 851 2484 alienos
875 2410 1168 2510 magnifaciant,
1178 2411 1224 2470 9¹·
1251 2412 1332 2489 aliis
1356 2390 1526 2491 uersibus
1554 2424 1740 2513 uocantur

134 2537 295 2624 ἀνδράρια
316 2536 478 2620 μοχθηρά,
501 2539 776 2622 παρακεκομμένα,
795 2536 895 2617 ἄτιμα
917 2539 973 2603 και
992 2535 1171 2622 παράσημα
1189 2565 1242 2604 και
1266 2535 1438 2623 παράξενα,·
1453 2544 1499 2601 92.
1538 2545 1620 2605 tum
1644 2513 1740 2603 urbs

131 2654 378 2763 vituperatur,
402 2651 521 2753 quod
544 2676 661 2739 senes,
698 2650 764 2777 qui
793 2645 839 2720 de
866 2649 1011 2722 civitate
1037 2649 1196 2747 optime
1193 2649 1420 2752 meruerint,
1457 2651 1631 2750 praemiis
1658 2672 1736 2722 non

26 2860 31 2865 ‚
130 2769 284 2869 afficiat
276 2787 398 2873 atque
421 2772 600 2874 patiatur,
631 2780 672 2838 ut
694 2762 860 2864 juvenes,
894 2767 959 2864 qui
988 2762 1137 2838 dicendi
1164 2768 1235 2837 ιιιι
1264 2762 1486 2859 studuerint,
1511 2782 1737 2844 senectutem

131 2893 323 2977 irrideant.
336 2893 382 2951 93.
431 2892 473 2966 ln
495 2890 678 3037 Equitum
701 2885 827 2959 fabula
847 2885 1013 2987 populus
1036 2885 1106 2960 sub
1127 2886 1235 2962 Demi
1260 2888 1411 2960 nomine
1432 2885 1735 2988 reprehenditur,
1849 2987 1852 2991 Ι

131 3015 276 3117 quasi
263 3015 310 3093 sit
335 3017 618 3111 ἄγροικοςιιργὴν,
638 3017 844 3102 κυαμοιρώξ,
866 3011 1060 3100 ἀκράχολος,
1080 3020 1193 3101 Δῆμος
1213 3015 1380 3102 πυκνίτης,
1401 3014 1556 3083 δύσκολον
1572 2993 1752 3104 γερόντιον,

74 3186 79 3196 ·
132 3140 327 3247 ιιιιόκοηονς
320 3132 391 3198 .9t
420 3130 556 3207 deinde
591 3148 698 3233 poeta
722 3157 800 3205 non
829 3144 980 3201 veretur
1000 3129 1108 3202 fateri
1134 3155 1232 3217 eum,
1271 3129 1337 3226 qui
1363 3124 1491 3202 infimo
1518 3129 1601 3204 loco
1628 3147 1736 3206 natus

132 3261 179 3337 sit
216 3272 252 3350 et
281 3257 488 3346 temeritate
520 3254 678 3354 aliisque
704 3252 817 3326 rebus
841 3247 1123 3323 contemnendis
1148 3244 1319 3338 ducatur,
1351 3248 1399 3320 ad
1423 3275 1587 3324 summos
1613 3248 1736 3366 digni·

134 3379 218 3453 tatis
242 3357 381 3477 gradus
408 3374 623 3472 ascendere3
633 3375 681 3444 95.
706 3387 787 3446 tum
812 3368 901 3442 haec
926 3362 1124 3470 leguntur:

456 3497 705 3624 ἦδημαγωγάι
744 3495 805 3580 γάρ
850 3496 890 3559 ov‘
930 3492 1011 3578 πρὸς
1050 3497 1210 3575 μουσικοῦ

457 3605 507 3667 ἔτ’
545 3602 634 3669 ἐστιν
675 3599 792 3684 α’νὸρός
834 3598 910 3664 ουδὲ
948 3596 1094 3682 χρησιιιιι
1132 3595 1208 3674 ιαιις
1246 3593 1412 3683 τρόπους,

398 3706 526 3770 attt’
565 3708 611 3783 εἷς
650 3707 764 3790 άμαθῆ
802 3727 856 3769 και
895 3697 1066 3786 βδελυρόν.
1081 3701 1127 3762 96.

51 3863 53 3868 s
134 3823 278 3921 antiqui
292 3814 531 3891 Athenienses
557 3803 736 3887 dicuntur
760 3810 908 3886 fortiter
933 3834 1128 3910 pugnasse,
1153 3805 1319 3907 juniores
1345 3806 1415 3879 nisi
1441 3812 1618 3907 praemiis
1643 3837 1731 3913 pro-

136 3943 265 4044 positis
287 3936 435 4042 proelia
460 3961 631 4010 recusare
656 3950 694 4008 et
719 3930 957 4020 abnuere397·
983 3943 1065 4001 tum
1087 3926 1177 4001 haec
1200 3928 1339 4028 scripta
1360 3944 1460 4003 sunt:

427 4109 439 4126 „
521 4070 524 4077 “
621 4049 689 4114 ἀλλ’
732 4043 959 4131 εὐπαράγωγος
1000 4042 1061 4112 sl

620 4144 846 4231 θωπευόμενός
886 4175 923 4216 ss
960 4148 1042 4234 χαί-

134 4289 416 4313 Μ

215 4402 264 4459 so
280 4347 413 4471 uirtute
428 4391 646 4483 ιιιιιιιιιιιιις,
671 4388 717 4459 Θ
730 4389 778 4450 ³1.
863 4391 911 4451 ιι
928 4389 1062 4455 scham
1084 4414 1114 4454 v.
1125 4391 1176 4456 79.
1168 4416 1273 4481 ‚seqq
1360 4400 1405 4459 ιι.
1424 4398 1503 4463 thid.
1520 4416 1550 4459 ι.
1564 4396 1633 4462 516.
1648 4420 1733 4486 seqq.

240 4531 243 4537 ·
332 4499 378 4557 93.
390 4495 475 4559 lhid.
472 4518 517 4556 ι.
525 4489 631 4557 676.
604 4515 688 4579 seqq.
772 4491 819 4555 94.
831 4495 939 4578 Equit.
958 4517 987 4561 ι.
996 4489 1046 4558 49.
1039 4518 1142 4581 ..seqq
1225 4501 1272 4563 95.
1294 4499 1373 4570 lhid.
1390 4523 1420 4563 ι.
1431 4501 1499 4570 180
1521 4504 1603 4565 conl.
1620 4525 1649 4563 v.
1665 4503 1734 4570 217.

332 4601 380 4661 96.
402 4589 481 4664 lhid.
502 4620 532 4660 ι.
546 4596 623 4661 1-91.
644 4618 728 4683 seqq.
817 4600 863 4660 97.
881 4597 959 4662 lhid
981 4623 1011 4662 v.
1029 4597 1099 4665 574.
1117 4624 1201 4687 seqq.

965 4711 1131 4774 ‘11
