4364 5536
724 483 1057 607 ;-ωο;-
1132 513 1135 516 ’

94 701 154 779 bis
178 696 443 804 praecepit;‚4‚⁵·
494 685 675 796 Quarto
708 697 913 801 denique
941 724 1091 781 mores
1116 701 1404 801 ,aequabiles
1433 727 1536 778 essov
1554 723 1694 805 opor-

91 839 221 915 tere,
246 821 331 927 hoc
358 836 447 913 est,
489 822 687 897 eundem
718 846 901 921 semper
937 817 1109 894 habere
1144 836 1355 897 tenorem
1398 850 1449 899 ac
1490 824 1692 916 modum,

94 970 229 1046 quem
262 945 407 1017 initio
439 959 778 1045 susceperunt,
814 966 982 1016 nense
1008 941 1388 1044 ipsispaulatim
1418 943 1693 1019 discordare
1763 957 1777 1028 ᾗ

91 1063 371 1156 videantur3
404 1079 447 1137 et
480 1091 611 1164 quem
635 1063 913 1152 iracundum
936 1063 1082 1138 semel
1113 1062 1570 1164 effinxeris,·quem›
1594 1065 1693 1168 pla·

78 1183 268 1276 ¹cidum,
303 1209 437 1285 quem
469 1183 712 1259 crudelem
751 1211 800 1259 ac
824 1186 1048 1285 impium,
1080 1208 1180 1275 eum
1219 1184 1405 1261 eosdem
1433 1188 1572 1288 plane
1601 1211 1693 1259 mo·
1743 1171 1745 1175 ⁵

91 1332 165 1379 res
194 1332 310 1406 prae
339 1330 384 1376 se
412 1304 643 1378 serentem
664 1292 844 1406 semper
869 1321 1014 1407 atque
1041 1303 1096 1376 ad
1130 1305 1309 1381 exit-um
1332 1332 1479 1407 usque
1499 1305 1694 1381 fabulae

91 1428 384 1506 retinentem
415 1424 582 1498 facias:
630 1421 765 1524 cuj‘us
804 1427 928 1498 ratio
962 1423 1210 1525 probanda
1250 1440 1339 1517 est,
1374 1427 1479 1525 quia
1507 1425 1694 1500 habitus

91 1572 268 1620 morum
302 1547 712 1620 constantissimus
742 1572 922 1647 semper
955 1562 998 1620 et
1039 1546 1311 1648 aequabilis
1344 1563 1433 1638 est,
1468 1561 1518 1621 ut
1555 1546 1694 1621 docet

91 1668 315 1742 Horatius
341 1668 471 1739 inter
500 1680 659 1739 cetera
683 1666 1123 1742 Poeticaoiunonita:
1242 1729 1248 1738 ,

337 1792 370 1853 Si
411 1792 489 1875 quid
531 1794 728 1875 inexpertum
769 1812 879 1854 scenae
922 1793 1090 1855 committis
1131 1802 1165 1855 et
1206 1792 1301 1856 audes

333 1896 504 1957 Personam
546 1897 680 1956 formare
723 1915 850 1969 novam,
891 1904 1035 1955 servetur
1075 1895 1116 1956 ad
1158 1898 1270 1972 imum,

335 1997 443 2076 Qualis
486 1998 527 2059 ab
568 1998 694 2081 incepto
736 1998 937 2081 processerit,
979 2006 1013 2059 et
1052 1996 1112 2057 sibi
1154 2008 1287 2068 constet.
1411 2069 1413 2075 ¹

92 2127 270 2222 Quarto
301 2123 536 2198 sententia
563 2147 714 2198 mores
745 2121 886 2196 debet
915 2124 1156 2224 excipere,
1190 2139 1239 2198 ut
1269 2123 1348 2223 qui
1379 2125 1521 2199 certis
1561 2140 1694 2224 pra'e·

92 2247 222 2322 ditus
253 2247 317 2320 sit
340 2241 570 2331 moribus,
603 2232 743 2329 animi
768 2269 957 2344 quoque
988 2246 1269 2318 sententiam
1309 2242 1475 2318 habeat
1507 2246 1694 2345 opinio·
1785 2320 1788 2335 Ι

93 2390 291 2461 nemque
323 2362 533 2433 moribus
562 2362 671 2435 illis
707 2363 1097 2461 respondentem.
1143 2355 1488 2464 Sedut‘personis,
1525 2369 1620 2466 quae
1649 2389 1695 2439 ex

96 2480 282 2557 communi
308 2477 443 2565 aetatiS,
473 2478 631 2575 generis,
660 2477 803 2550 ordinis
826 2480 1083 2551 observatione
1102 2467 1346 2555 ¹adumbratae
1367 2501 1485 2575 erant,
1508 2501 1695 2584 utsupra

95 2599 187 2688 dixi,
228 2594 347 2696 major
378 2597 575 2697 quaedam,
592 2599 647 2671 vis
679 2596 766 2671 addi
798 2613 933 2698 posset,
972 2597 1133 2670 multum
1163 2596 1389 2697 adjuvabant
1434 2605 1477 2669 τὰ
1496 2617 1694 2690 προσωπεῖα,
1794 2596 1796 2602 ’

95 2744 260 2819 quorum
285 2742 355 2816 ope
381 2717 518 2814 optime
545 2714 598 2803 id,
637 2717 742 2815 quod
775 2719 813 2789 in
843 2717 997 2818 singulis
1031 2716 1242 2793 hominibus
1273 2732 1493 2819 perceptum
1515 2733 1606 2810 erat,
1647 2716 1696 2792 ad

94 2838 304 2942 generalem
328 2860 525 2936 personam
551 2832 674 2932 colligi
694 2851 803 2936 atque
829 2832 1094 2940 repraesentari
1122 2839 1260 2913 liceret.
1294 2840 1356 2914 Ita·
1371 2841 1467 2913 senis
1493 2851 1696 2927 προσωπεῖον

95 2960 218 3035 omnin
243 2984 333 3060 prae
358 2982 396 3029 se
420 2953 576 3042 ferebat,
612 2980 708 3053 quae
736 2955 773 3026 in
798 2971 983 3029 senectute
1009 2960 1161 3031 omnino
1187 2957 1428 3033 animadverti
1453 2956 1586 3044 solent,
1615 2955 1694 3027 aliis

96 3075 203 3156 aliter
223 3079 418 3175 expressis,
445 3087 486 3145 ut
507 3085 657 3144 externa
680 3070 801 3146 forma
823 3064 970 3173 ingenio
993 3077 1374 3177 personarum'plane
1390 3071 1618 3175 respondere
1640 3075 1705 3147 vi·-

96 3203 263 3290 dcretur,
289 3221 518 3297 quamquam
542 3191 642 3265 haud
665 3217 752 3265 raro
775 3193 975 3294 superlatio
999 3199 1161 3269 veritatis
1185 3222 1261 3270 esse
1280 3198 1416 3297 potuit,
1442 3192 1482 3266 id
1504 3190 1608 3291 quod
1629 3191 1695 3264 do·

97 3339 154 3397 cet
179 3323 396 3419 Anonymus
422 3317 470 3387 ita
495 3310 694 3384 disserens:
711 3312 758 3367 ⁴⁶·
800 3321 834 3384 ἒν
851 3323 988 3405 μὲνγὰρ
1011 3327 1051 3407 τῇ
1071 3301 1195 3406 παλαιᾷ
1219 3320 1343 3399 εἴκαζον
1362 3321 1403 3384 τὰ
1425 3328 1612 3402 προσωπεῖα
1628 3328 1696 3393 τοῖς

98 3440 379 3526 κωμῳδουμένοις,
399 3434 466 3511 ἵνα,
489 3427 564 3512 πρίν
583 3453 613 3491 τι
636 3428 692 3491 καί
712 3429 788 3502 τούς
806 3428 982 3512 ὑποκριτὰς
1003 3430 1119 3509 εἰπεῖν,
1142 3429 1159 3492 ὁ
1181 3426 1432 3517 κωμῳδούμενος
1452 3428 1487 3492 ἐκ
1507 3433 1564 3508 τῆς
1584 3424 1695 3506 ὁμοιό-

98 3567 192 3627 τητος
213 3547 269 3625 τῆς
289 3538 397 3618 ὅψεως
418 3528 596 3614 κατάδηλος
627 3523 659 3614 ᾗ
680 3531 715 3593 ἐν
739 3533 774 3597 δὲ
792 3537 832 3619 τῇ
856 3535 939 3619 μέσῃ
961 3532 1016 3597 καί
1036 3535 1090 3618 νέᾳ
1114 3531 1263 3618 κωμῳδίᾳ
1285 3531 1430 3614 ἐπίτηδες
1442 3530 1489 3592 rii
1508 3540 1695 3612 προσωπεῖα

97 3645 178 3731 πρὸς
198 3643 234 3709 τὸ
258 3636 459 3726 γελοιότερον
481 3628 748 3717 ἐδημιούργησαν,
764 3672 806 3684 -
826 3633 954 3718 ὁρῶμεν
974 3640 1051 3718 γοῦν
1072 3633 1113 3698 τοὶ
1137 3644 1330 3719 προσωπεῖα
1346 3638 1404 3716 τῆς
1421 3628 1615 3714 Μενάνδρου
1633 3657 1695 3697 κω-

97 3745 219 3834 μῳδιας
234 3746 292 3819 τὰς
314 3742 420 3826 ὀφρῦς
443 3735 555 3810 ὁποίας
575 3737 643 3816 ἔχει
664 3735 719 3798 καί
739 3731 825 3810 ὅπως
847 3738 1101 3821 ἔξεσσρομμὲνον
1121 3738 1157 3803 ui
1180 3738 1286 3837 στόμα
1306 3739 1361 3802 καί
1382 3739 1455 3802 οὐδὲ
1477 3736 1551 3799 κατ’
1569 3732 1695 3819 ἀνθρώ-

97 3883 166 3932 πων
188 3852 297 3940 φύσιν.
352 3848 445 3919 Tota
478 3859 600 3918 autem
625 3867 684 3945 res
709 3841 835 3914 multo*
855 3842 962 3913 etiam
992 3840 1197 3916 dilucidior
1227 3847 1310 3940 erit,
1351 3870 1436 3917 cum
1468 3842 1694 3915 audierimus

98 3967 420 4046 Wachsmuthinm
450 3948 640 4067 praeclare
672 3961 935 4063 disputantem:
952 3960 1000 4021 4⁷·
1051 3967 1124 4059 ttut
1156 3975 1227 4037 orm
1252 3961 1437 4054 detrude
1467 3979 1521 4038 oet
1549 3960 1693 4038 tlltoolen
1794 3952 1796 3959 ’

179 4250 226 4307 45.
247 4247 316 4310 soh.
336 4247 426 4328 Rapa
463 4243 576 4305 Casalii
608 4244 740 4306 Romani
780 4243 820 4305 de
856 4255 933 4326 trag.
970 4213 1005 4303 et
1035 4263 1114 4303 com.
1146 4240 1324 4303 lucubratio
1356 4242 1389 4303 iu
1431 4243 1567 4301 Gronov.
1601 4239 1695 4301 Thes.

291 4347 396 4430 Antiq.
426 4347 538 4408 Graec.
579 4346 649 4408 Vol.
670 4347 748 4408 Vlll.
788 4367 859 4428 pag.
880 4339 1077 4404 16021603.
1165 4340 1212 4400 ⁴6.
1233 4341 1324 4423 Apud
1353 4340 1496 4401 Diodori.
1533 4363 1602 4425 pag.
1630 4344 1695 4403 Vll.

295 4449 344 4509 tt.
364 4445 549 4532 tltpratuu,
581 4448 806 4532 runcandus
826 4439 988 4526 ssdttortilt
1016 4461 1077 4513 νοα
1111 4445 1148 4529 ᾖ.
1166 4441 1305 4526 orata:
1332 4450 1393 4511 unt
1424 4448 1474 4514 οὓ.
1492 4444 1694 4535 wodanum,

295 4553 369 4639 522ss
390 4559 412 4618 1.
441 4553 603 4655 gatrauau
624 4554 716 4623 toto
758 4552 803 4620 Θ.
824 4552 895 4620 ῖδὰ
917 4552 986 4619 ¹67.
1052 4651 1100 4718 22
