4344 5534
1339 386 1347 406 ἱ

1088 470 1095 493 l

1228 515 1238 528 .

1133 501 1417 598 ...4ss-

1498 592 1507 610 1

472 727 664 831 sequitur,
695 742 737 802 ut
761 729 949 826 attingam,
991 751 1066 826 qua
1098 706 1240 796 ratione
1268 722 1332 795 illa
1366 719 1533 829 quidem·
1549 722 1590 794 in
1615 723 1809 822 antiquam
1835 725 2081 821 comoediam,

447 848 594 950 ¹qualis
620 847 733 921 modo
760 847 934 936 eliloruit,
963 845 1196 921 formandam
1226 845 1356 918 valere
1385 844 1559 944 potuerit
1610 845 1782 918 Positum
1808 847 1857 919 sit
1882 848 2081 948 imprimis,

472 973 553 1045 sine
578 957 729 1044 scientia
753 969 855 1043 illius
888 970 1012 1043 aetatis
1040 993 1117 1042 non
1142 992 1249 1070 posse
1276 963 1447 1064 intelligi,
1489 990 1603 1065 quam
1627 964 1799 1057 dicimus,
1839 966 2080 1042 comoediam.

473 1087 548 1165 Sed
573 1076 617 1162 eo
642 1089 759 1190 magis
783 1079 1031 1166 necessarium
1054 1088 1139 1179 fuit,
1173 1101 1214 1160 ut
1238 1087 1422 1159 civitatem
1445 1085 1561 1176 illam,
1596 1082 1651 1205 'i'n'
1665 1113 1742 1186 qua
1764 1087 1900 1189 populi
1921 1101 2081 1190 potestas

363 1201 369 1213 ’
449 1235 617 1284 7ειιιιιιιια
640 1223 731 1299 erat,
768 1213 1066 1310 cognoverimus,
1103 1233 1180 1309 quo
1205 1208 1342 1281 rectius
1363 1208 1518 1307 antiqua
1543 1206 1737 1283 comoedia
1758 1223 1937 1310 tanquam
1961 1211 2082 1309 poesis

287 1351 290 1360 ·
374 1406 380 1425 ,
455 1329 666 1432 ΙροριιΙιιι“ἰε
693 1328 768 1404 dici
800 1347 932 1433 potest,
972 1358 1068 1433 quae
1092 1328 1220 1403 turbas
1245 1327 1494 1402 multitudinis
1520 1327 1568 1401 ad
1586 1355 1709 1405 ⁴suum
1734 1331 1935 1404 arbitrium
1958 1329 2081 1405 domi·

473 1453 592 1526 nantis
616 1451 729 1543 ferre,
772 1479 885 1552 quam
911 1450 1067 1526 ludendi
1092 1448 1320 1552 jocandique
1346 1446 1542 1522 libidinem
1567 1451 1945 1549 coercere‘maluerit.
1995 1451 2078 1552 lpsa

473 1595 627 1671 quoque
646 1568 824 1645 festoruin
852 1571 1000 1645 dierum
1022 1571 1185 1645 insolens
1211 1571 1393 1663 alacritas,
1421 1597 1535 1671 quam
1559 1570 1732 1645 n'onnulli
1760 1568 1944 1670 ejusmodi
1967 1570 2080 1648 fuisse

473 1692 693 1782 existimant,
728 1708 770 1765 ut
797 1696 970 1793 antiquae
995 1673 1423 1779 comoediaeaudaciam
1451 1689 1627 1782 effecerit,
1661 1717 1706 1764 ex
1731 1691 1810 1784 tali,
1844 1694 1991 1794 qualem
2017 1676 2095 1769 dess

472 1815 701 1914 scripsimus,
743 1804 899 1889 civitatis
930 1811 1249 1888 administratione
1285 1811 1488 1917 repetenda
1520 1825 1583 1885 est.
1642 1811 1702 1883 Ex
1735 1837 1812 1913 quo
1846 1813 2079 1914 intelligitur,

400 1977 405 1987 ·
475 1936 663 2035 antiquam
687 1934 930 2027 comoediam,
957 1935 1078 2036 qualis
1099 1935 1208 2010 nobis
1229 1964 1306 2041 esse
1330 1935 1516 2024 rideatur,
1544 1945 1643 2031 recte
1667 1934 1717 2006 ita
1738 1934 1932 2034 explicari,
1961 1949 2002 2010 ut
2025 1934 2080 2009 l'u·

350 2071 357 2082 '
420 2068 425 2075 ’
475 2051 547 2127 dus
580 2055 627 2127 sit
658 2056 791 2147 civilis,
834 2059 900 2158 qui
936 2083 1021 2131 cum
1054 2084 1096 2129 re
1129 2056 1281 2158 publica
1312 2070 1411 2128 arcte
1444 2050 1666 2152 conjunctus,
1696 2063 1790 2126 esset
1816 2055 2000 2156 in'eaque
2023 2057 2080 2130 ni·
2142 2080 2146 2087 ’

473 2190 628 2266 teretur,
651 2190 829 2277 tanquam
854 2180 893 2251 in
916 2177 1170 2251 fundamento.
1222 2176 1299 2253 Sed
1319 2176 1487 2277 reliquae
1513 2199 1667 2275 quoque
1688 2185 1796 2262 artes,
1822 2171 1928 2271 quod
1952 2199 2082 2250 cumu-

398 2348 403 2355 ss
475 2297 583 2370 latius
609 2295 787 2386 dicerem,
814 2298 844 2370 si
865 2296 937 2371 boc
961 2295 1219 2398 praecipiendi
1244 2298 1391 2396 tempus
1417 2311 1523 2386 esset,
1546 2293 1614 2367 hac
1633 2290 1894 2393 conjunctione
1915 2296 2082 2368 contine-

470 2415 624 2508 bantur,
660 2442 770 2517 quae,
806 2418 877 2490 nisi
904 2416 1017 2489 rebus
1042 2415 1232 2491 discordia
1256 2417 1453 2520 dissipatis,
1489 2416 1583 2492 solvi
1609 2438 1687 2488 non
1711 2427 1875 2514 poterat3
1915 2413 2101 2514 indeque*
2163 2452 2166 2459 ·

472 2682 630 2756 gnarum
648 2659 786 2730 artium
812 2653 1019 2756 disciplinis
1042 2658 1189 2731 exculta
1215 2673 1347 2747 essent,
1383 2685 1421 2730 se
1447 2658 1592 2754 legibus
1616 2654 1832 2755 praebuisse
1857 2652 2077 2730 obedientia

473 2777 580 2871 Quae
608 2775 769 2877 quidem,
788 2801 846 2847 res
871 2788 1006 2847 tantam
1035 2777 1114 2849 rim
1138 2775 1280 2865 babuit,
1319 2788 1456 2880 quanta
1482 2773 1710 2872 paucissimis
1734 2773 1848 2848 fuisse
1873 2776 2082 2870 videbitur-3

474 2898 574 2996 ipsae
595 2897 691 2968 enim
703 2884 879 2984 Athenae,
905 2896 1012 2994 quod
1032 2897 1173 2970 artibus
1196 2891 1362 2968 eruditos
1384 2894 1537 2982 minime
1556 2891 1665 2985 fallit,
1680 2894 1757 2969 esse
1773 2894 1972 2988 desierant,
1993 2921 2080 2975 cum

473 3014 666 3090 comoedia
690 3018 885 3116 pristinam
909 2994 1067 3117 gloriam
1092 3014 1280 3119 perderet.
1345 3012 1420 3089 Sed
1445 3013 1548 3116 apud
1575 3016 1666 3090 alios
1690 3018 1852 3120 populos
1877 3043 1954 3093 non
1980 3021 2080 3110 item,

473 3136 655 3236 quoniam
694 3162 772 3210 esse
806 3154 1024 3239 potuerunt,
1076 3164 1164 3213 cum
1197 3127 1388 3211 com'oedia
1424 3151 1487 3210 aut
1522 3164 1742 3239 numquam,
1797 3154 1862 3214 aut
1896 3165 1975 3215 non
2007 3166 2081 3215 am·

473 3255 575 3356 plius
600 3270 812 3353 uterentur3
852 3276 964 3363 atque
988 3263 1026 3335 in
1053 3259 1121 3334 hac
1147 3287 1188 3334 re
1213 3261 1367 3335 omnino
1398 3256 1551 3332 differre
1577 3262 1675 3335 inter
1696 3286 1735 3336 se
1754 3277 1894 3373 veteres
1919 3244 2082 3363 populos

470 3375 581 3452 facile
602 3378 832 3479 intelligitur.
884 3380 971 3474 Sed,
992 3398 1034 3457 ut
1053 3381 1248 3455 vinculum
1269 3377 1379 3469 illud,
1405 3378 1513 3479 quod
1531 3379 1603 3481 jam
1625 3379 1771 3457 dudum
1793 3395 1920 3455 nostra
1940 3378 2082 3457 indicas

473 3498 605 3586 oratio,
638 3501 752 3598 magis
779 3503 887 3573 etiam
911 3516 1094 3592 teneatur,
1121 3497 1328 3573 dicendum
1354 3515 1420 3590 est,
1454 3527 1568 3602 quam
1590 3500 1709 3605 libere
1736 3499 1994 3577 tum-demum
2019 3526 2082 3607 co·

472 3614 621 3690 moedia
647 3598 774 3691 dicere
799 3623 976 3719 coeperit,
1003 3647 1102 3711 cum,
1127 3634 1276 3723 mortuo
1303 3621 1461 3716 Pericle,
1501 3625 1627 3698 civitas
1652 3621 1701 3697 ad
1725 3621 1927 3718 arbitrium
1947 3624 2083 3699 consti·

379 3762 382 3767 ·
474 3752 552 3810 tuta
569 3752 674 3830 esset,
700 3765 824 3841 neque
845 3741 1115 3831 invenirentur,
1136 3740 1217 3839 qui,
1233 3737 1402 3840 neglecto
1420 3767 1488 3818 suo
1507 3743 1720 3838 connnodo,
1737 3744 1793 3819 rei
1812 3742 2082 3844 publicae‘non

370 3933 373 3939 ,
474 3855 634 3931 defuisse
654 3858 803 3934 vellent.

571 4098 678 4196 Quid
696 4114 819 4174 autem
835 4097 884 4172 de
904 4100 971 4175 illo
993 4115 1177 4203 tempore,
1204 4128 1282 4204 quo
1292 4100 1385 4176 Cleo
1406 4126 1534 4176 rerum
1554 4103 1822 4205 potitusesset,
1845 4105 2081 4181 statuendum

472 4223 531 4313 sit,
580 4220 690 4296 facile
714 4221 947 4326 apparebit„
999 4223 1148 4299 Etenim
1173 4206 1245 4298 ille'
1262 4227 1340 4328 ipse
1366 4222 1764 4326 quamdiu'regnabat,
1813 4226 1956 4305 tamdiu
1981 4252 2083 4303 sum·
2138 4242 2144 4251 '

474 4369 579 4416 mum
602 4342 722 4443 plebis
747 4345 949 4445 imperium
971 4370 1048 4419 esse
1073 4341 1205 4435 voluit,
1232 4344 1271 4417 in
1297 4369 1374 4445 quo
1400 4358 1437 4417 et
1462 4359 1555 4418 esset
1581 4356 1617 4417 et
1641 4356 1854 4420 servaretur
1877 4374 1944 4421 sua
1967 4350 2083 4451 ipsius

475 4476 645 4572 potestas.
698 4460 803 4557 Quid
825 4464 939 4564 igitur
961 4489 1039 4538 esse
1060 4463 1195 4564 potuit,
1224 4463 1341 4567 quod
1357 4465 1519 4555 comicos
1546 4464 1758 4565 impediret,
1798 4493 1854 4558 ea,
1895 4494 1992 4571 quae
2011 4469 2082 4544 sibi
2123 4455 2127 4461 ¹

475 4579 829 4697 utilia‘riderentur,
851 4586 972 4686 sequi,
991 4610 1088 4687 quae
1109 4599 1252 4680 contra,
1275 4582 1427 4689 fugere?
1452 4582 1637 4662 Omnibus
1658 4592 1780 4664 autem
1797 4586 1963 4681 sublatis,
1986 4612 2082 4692 quae
