4364 5536
951 528 1027 559 ¹8-
1056 499 1065 551 ‚²
1078 496 1137 591 ω
1169 532 1246 556 ..-

299 719 503 801 ιιιιιιοιιιιιιι
529 733 655 792 omnes
674 716 801 818 nostri
834 686 987 818 poetae
981 703 1168 792 sahulae
1163 714 1241 791 ad
1251 715 1445 839 publicam
1473 708 1754 794 Atheniensium
1781 723 1896 796 vitam

297 846 520 948 pertineant,
546 865 660 940 supra
682 812 942 926 indicarimus,
981 852 1108 938 neque
1133 856 1227 956 opus
1255 840 1320 926 es't,
1352 830 1395 910 ιιι
1420 836 1581 913 ιιιιοιιιιιι
1603 845 1820 915 sententiam
1840 869 1897 918 se-

297 991 472 1067 quamur,
510 963 574 1063 qui
604 963 789 1039 Ranarum
820 955 988 1030 fabulam
1020 981 1066 1030 ex
1096 946 1177 1030 h'oc
1198 951 1358 1030 nurnero
1389 959 1646 1072 'excipiendam
1671 968 1893 1063 putaverint.

293 1087 362 1162 Est
386 1088 484 1159 enim
507 1087 588 1183 ipse
616 1104 770 1181 quoque
767 1069 841 1150 ad
860 1075 960 1150 idem
983 1103 1100 1178 genus
1124 1077 1335 1170 referenda,
1358 1083 1536 1181 quoniam
1555 1084 1676 1182 poesis
1701 1100 1895 1185 corrupte-

293 1206 368 1282 lar'n
390 1221 426 1280 et
444 1205 579 1280 malam
601 1199 753 1277 dicendi
775 1201 958 1273 rationem
978 1194 1174 1272 traducere
1198 1198 1330 1289 voluit,
1357 1198 1397 1272 id
1419 1193 1524 1299 quod
1547 1205 1600 1276 rei
1629 1197 1803 1305 publicae
1824 1222 1893 1284 sta-

294 1341 376 1402 tum
401 1312 554 1400 omnino
576 1337 726 1424 spectat.
779 1318 975 1420 Quicquid
999 1335 1065 1412 est,
1091 1319 1198 1422 quod
1225 1320 1273 1393 de
1297 1328 1516 1419 argumento
1542 1313 1688 1397 fabulae
1714 1331 1893 1403 existime-

292 1463 369 1539 tur,
408 1462 462 1522 est
486 1442 584 1523 illud
609 1442 763 1546 quidem
790 1444 839 1516 ite
863 1444 1082 1533 institutum,
1121 1458 1163 1517 ut
1187 1443 1311 1541 poesis
1334 1438 1517 1539 judicium
1543 1445 1729 1519 contineat
1754 1462 1789 1520 et
1812 1464 1894 1548 gre·
1932 1532 1936 1539 ¹

290 1568 486 1661 vissimum
512 1579 549 1638 et
574 1567 881 1665 copiosissimum.
933 1566 998 1640 Sin
1021 1588 1112 1637 vero
1136 1561 1435 1680 complectimur,
1467 1561 1769 1681 quodcumque'
1760 1594 1798 1640 ιιι
1817 1570 1893 1643 Ειι-

291 1686 457 1791 ripidem
480 1685 623 1759 dictum
643 1684 814 1784 legimus:
847 1709 891 1760 eo
912 1685 1088 1775 refertur,
1111 1686 1170 1756 ut
1176 1685 1207 1756 is
1224 1683 1386 1782 speciem
1404 1683 1492 1755 artis
1516 1685 1641 1756 animo
1658 1686 1894 1764 informatam

213 1878 216 1885 .
291 1809 480 1886 dimiserit
509 1820 622 1906 atque
651 1804 701 1877 ad
722 1806 820 1879 vitae
844 1804 1131 1881 consuetudines
1154 1826 1354 1903 moresque
1376 1802 1632 1896 descenderit,
1624 1808 1714 1921 qui
1740 1811 1892 1882 omnino

272 1930 483 2034 depravati
509 1939 636 2000 essent
688 1923 848 2020 Quae
820 1952 850 2003 ιι
877 1938 1047 2000 accurate
1078 1923 1305 2025 copioseque
1330 1921 1542 2024 expendere
1567 1924 1755 2015 volumus,
1794 1952 1894 2002 com·
1966 1980 1985 1994 ..

290 2052 427 2154 paratis
452 2046 601 2120 fabulae
628 2045 732 2137 locis,
756 2035 855 2120 hanc
878 2046 957 2120 fere
983 2039 1062 2144 ejus
1082 2043 1279 2143 imaginem
1303 2040 1536 2136 habebimus,
1561 2063 1637 2146 qua
1659 2045 1765 2147 quod
1784 2064 1893 2148 poeta

289 2173 410 2247 voluit
422 2168 531 2244 facile
545 2167 783 2268 intelligatur
826 2168 977 2240 Dicitur
990 2166 1087 2237 enim
1103 2164 1277 2263 pietatem
1299 2191 1386 2266 erga
1411 2165 1500 2241 deos
1523 2167 1737 2268 deposuisse
1754 2175 1892 2245 omnia-
2013 2258 2017 2264 ‚

290 2321 366 2396 que
386 2292 514 2368 divina
533 2314 606 2392 pro
623 2289 742 2365 nihilo
763 2291 947 2381 habuisse,
959 2285 1061 2345 ¹4⁵·
1051 2283 1268 2359 indicendo
1287 2312 1378 2360 vero
1397 2291 1550 2390 argutiis
1569 2316 1723 2391 operam
1735 2289 1893 2385 dedisse,

252 2447 260 2463 ·
290 2429 432 2489 utnon
452 2413 523 2482 nisi
552 2413 719 2483 oratione
746 2412 795 2484 ad
819 2405 1124 2511 persuadendum
1148 2404 1422 2483 accommodata
1447 2423 1616 2483 uteretur
1641 2424 1752 2511 atque
1781 2410 1893 2485 artili-

289 2534 398 2609 ciosis
429 2527 655 2629 frigidisque
687 2517 891 2611 verborum
920 2526 1113 2626 juncturis.
1129 2526 1192 2583 146,
1232 2512 1346 2598 idem
1372 2520 1499 2601 rerum
1531 2528 1771 2630 publicarum
1790 2538 1893 2656 peri-

287 2672 347 2729 tus
371 2651 499 2725 fuisse
508 2648 683 2740 traditur,
722 2647 789 2722 sed
813 2647 1010 2746 argutandi
1041 2644 1156 2718 modo
1180 2641 1469 2742 singulorum
1438 2649 1574 2719 civium
1600 2641 1894 2728 dominationem

286 2776 423 2851 fovisse
448 2797 490 2846 ec
518 2773 724 2872 praecipue
754 2762 908 2874 juvenes
932 2765 1171 2854 effeminasse,
1198 2768 1310 2866 quos
1315 2786 1341 2839 ι
1363 2762 1456 2837 belli
1480 2764 1621 2840 studio'
1630 2769 1679 2845 ad
1704 2771 1892 2850 luxuriam

279 2878 508 2983 'avocaverit
546 2888 672 2962 fractis
702 2856 908 2985 pudicitiae
939 2883 1109 2958 claustris
1143 2884 1317 2985 vitiisque
1347 2878 1623 2964 commendatis
1636 2890 1700 2952 ¹4⁷·
1762 2897 1892 2998 Neque

284 3020 411 3091 minus
436 3012 601 3112 graviter
624 3001 929 3142 reprehenditur,
953 3005 1061 3106 quod
1087 3030 1213 3079 eversa
1236 3007 1360 3106 poesis
1386 3003 1565 3107 dignitate
1589 3010 1684 3085 nihil
1709 3012 1813 3123 aliud
1837 3042 1892 3092 se·
1975 3018 1980 3028 '

288 3139 356 3238 qui
379 3133 555 3221 voluerit,
580 3129 650 3202 nisi
677 3123 812 3228 quod
803 3125 950 3222 ingenia
972 3149 1106 3197 acuere
1124 3127 1395 3226 mollioresque
1419 3152 1547 3203 sensus
1567 3132 1726 3205 excitare
1752 3116 1890 3235 posset3

284 3272 367 3331 tum
385 3249 491 3354 quod
511 3240 726 3322 fabularum
749 3244 1094 3332 conformationem,
1121 3267 1218 3342 quae
1236 3244 1286 3317 ad
1305 3259 1423 3318 artem
1442 3245 1646 3339 accederet,
1660 3253 1780 3351 plane
1799 3264 1890 3333 omi-
1978 3299 1982 3312 ·

285 3382 387 3468 serit,
424 3396 514 3461 usus
538 3369 653 3442 nimie
677 3365 924 3468 prologorum
947 3362 1182 3462 simplicitate
1207 3379 1243 3439 et
1268 3381 1572 3467 argumentorum
1599 3372 1790 3467 inanitate3
1825 3377 1888 3454 de-

284 3503 404 3600 nique
430 3486 537 3593 quod
561 3487 728 3560 homines
755 3482 900 3558 infimae
927 3479 1151 3556 conditionis
1177 3498 1214 3558 ct
1240 3483 1412 3562 fortunae
1438 3491 1477 3563 in
1500 3516 1647 3566 menam
1672 3495 1888 3574 introduxe-

285 3624 350 3709 rit,
376 3610 544 3701 claudos,
570 3587 1001 3742 mendicos,'panosos,
1035 3603 1127 3678 alios
1154 3601 1319 3704 ejusdcm
1347 3611 1503 3709 generis.
1518 3611 1582 3672 ¹4&
1633 3613 1798 3693 Omnino
1824 3650 1887 3696 au.

284 3756 359 3813 tem
382 3763 448 3836 qui
437 3729 664 3832 Euripidis
684 3750 894 3829 personam,
887 3724 1041 3827 qualis
1061 3723 1281 3798 adumbrata
1300 3743 1367 3820 est,
1391 3746 1490 3806 recte
1503 3733 1723 3837 intelligere
1743 3741 1886 3835 volunt,

285 3861 356 3933 hoc
378 3857 537 3931 maxime
561 3851 753 3940 tenebunt,
792 3847 957 3950 plurima
982 3844 1030 3919 ad
1054 3847 1245 3919 veritatem
1270 3874 1443 3950 expressa
1475 3879 1565 3947 esse,
1605 3858 1713 3933 alia
1704 3891 1743 3936 sn
1770 3866 1888 3966 majus

287 3983 391 4068 alata,
417 3992 472 4069 ut,
499 4000 595 4077 quae
620 3973 813 4072 cogitasset
833 3983 955 4070 poeta,
980 3965 1109 4068 perlici
1135 3986 1296 4070 possent.
1396 4062 1403 4075 .
1577 3985 1581 3990 ·

285 4177 564 4197 Μ

355 4290 430 4347 0145·
450 4251 535 4373 Lege
552 4294 679 4371 praeter
697 4220 859 4345 Ranadum
878 4274 961 4359 locos
981 4275 1209 4365 Thesmophor.
1227 4278 1340 4347 atto.
1363 4289 1447 4350 conl.
1472 4311 1500 4350 v.
1513 4286 1583 4351 272.
1669 4289 1731 4352 ¹⁴¹⁶.
1750 4295 1886 4361 hehern.

479 4419 514 4455 vs
530 4389 600 4456 396.
621 4387 692 4454 398.
711 4383 782 4450 447.
823 4385 905 4448 Nuh.
925 4408 955 4447 v.
974 4383 1045 4449 922.
1086 4387 1160 4450 Pac.
1179 4409 1210 4448 v.
1230 4385 1301 4452 533.
1344 4391 1571 4476 Thesmophor.
1591 4415 1621 4454 v.
1635 4391 1703 4456 173.
1726 4394 1795 4458 770.
1814 4395 1885 4461 848.

474 4497 547 4562 855.
632 4492 697 4553 ιιι.
715 4493 847 4576 Lysistr.
866 4514 896 4553 r.
914 4487 986 4554 368.
1029 4488 1255 4573 Thesmophor.
1277 4514 1308 4555 v.
1327 4491 1399 4558 390.
1418 4492 1490 4558 399.
1510 4489 1581 4560 546.
1667 4487 1731 4560 148.
1752 4501 1885 4565 hohern

477 4624 507 4663 v.
527 4595 599 4664 411.
619 4619 705 4682 seqq.
723 4592 796 4660 432.
812 4617 904 4680 seqq.
945 4595 1023 4658 Psc.
1044 4615 1077 4657 v.
1100 4588 1170 4658 146.
1189 4613 1275 4678 seqq.
