<?xml version="1.0" encoding="UTF-8"?>
<!DOCTYPE html PUBLIC "-//W3C//DTD XHTML 1.0 Transitional//EN"
    "http://www.w3.org/TR/xhtml1/DTD/xhtml1-transitional.dtd">
<html xmlns="http://www.w3.org/1999/xhtml" xml:lang="en" lang="en">
 <head>
  <title>
</title>
<meta http-equiv="Content-Type" content="text/html;charset=utf-8" />
  <meta name='ocr-system' content='tesseract 3.04.00' />
  <meta name='ocr-capabilities' content='ocr_page ocr_carea ocr_par ocr_line ocrx_word'/>
</head>
<body>
  <div class='ocr_page' id='page_1' title='image "./detriumquaegrae00roedgoog_0079.png"; bbox 0 0 4364 5536; ppageno 0'>
   <div class='ocr_carea' id='block_1_1' title="bbox 205 683 1902 1539">
    <p class='ocr_par' dir='ltr' id='par_1_1' title="bbox 205 683 1902 1534">
     <span class='ocr_line' id='line_1_1' title="bbox 380 683 1902 806; baseline -0.001 -27"><span class='ocrx_word' id='word_1_1' title='bbox 380 701 457 779; x_wconf 75' lang='lat' dir='ltr'><strong>sea</strong></span> <span class='ocrx_word' id='word_1_2' title='bbox 478 701 553 802; x_wconf 77' lang='lat' dir='ltr'><strong>jam</strong></span> <span class='ocrx_word' id='word_1_3' title='bbox 583 683 774 786; x_wconf 67' lang='lat' dir='ltr'><strong>naam...</strong></span> <span class='ocrx_word' id='word_1_4' title='bbox 798 719 936 806; x_wconf 72' lang='lat' dir='ltr'><strong>quana</strong></span> <span class='ocrx_word' id='word_1_5' title='bbox 960 704 1083 779; x_wconf 69' lang='lat' dir='ltr'><strong>nent.</strong></span> <span class='ocrx_word' id='word_1_6' title='bbox 1098 706 1210 778; x_wconf 69' lang='lat' dir='ltr'><strong>anm</strong></span> <span class='ocrx_word' id='word_1_7' title='bbox 1242 701 1354 776; x_wconf 68' lang='lat' dir='ltr'><strong>euno</strong></span> <span class='ocrx_word' id='word_1_8' title='bbox 1379 706 1419 777; x_wconf 72' lang='lat' dir='ltr'><strong>n</strong></span> <span class='ocrx_word' id='word_1_9' title='bbox 1445 704 1497 778; x_wconf 74' lang='lat' dir='ltr'><strong>ns</strong></span> <span class='ocrx_word' id='word_1_10' title='bbox 1522 701 1670 776; x_wconf 65' lang='lat' dir='ltr'><strong>snut..</strong></span> <span class='ocrx_word' id='word_1_11' title='bbox 1693 702 1902 803; x_wconf 67' lang='lat' dir='ltr'><strong>panisus,—</strong></span> 
     </span>
     <span class='ocr_line' id='line_1_2' title="bbox 285 824 1897 928; baseline 0.001 -31"><span class='ocrx_word' id='word_1_12' title='bbox 285 849 378 925; x_wconf 81' lang='lat' dir='ltr'><strong>quas</strong></span> <span class='ocrx_word' id='word_1_13' title='bbox 402 824 507 900; x_wconf 89' lang='lat' dir='ltr'><strong>chori</strong></span> <span class='ocrx_word' id='word_1_14' title='bbox 531 839 659 900; x_wconf 81' lang='lat' dir='ltr'><strong>cantus</strong></span> <span class='ocrx_word' id='word_1_15' title='bbox 684 827 1014 928; x_wconf 86' lang='lat' dir='ltr'><strong>complectantur,&#39;</strong></span> <span class='ocrx_word' id='word_1_16' title='bbox 1035 841 1098 900; x_wconf 89' lang='lat' dir='ltr'><strong>aut</strong></span> <span class='ocrx_word' id='word_1_17' title='bbox 1127 848 1204 925; x_wconf 93' lang='lat' dir='ltr'><strong>quo</strong></span> <span class='ocrx_word' id='word_1_18' title='bbox 1235 848 1356 923; x_wconf 88' lang='lat' dir='ltr'><strong>usque</strong></span> <span class='ocrx_word' id='word_1_19' title='bbox 1385 824 1565 925; x_wconf 80' lang='lat' dir='ltr'>progredi</span> <span class='ocrx_word' id='word_1_20' title='bbox 1591 840 1701 925; x_wconf 81' lang='lat' dir='ltr'><strong>poeta</strong></span> <span class='ocrx_word' id='word_1_21' title='bbox 1723 827 1897 926; x_wconf 84' lang='lat' dir='ltr'><strong>potuerit</strong></span> 
     </span>
     <span class='ocr_line' id='line_1_3' title="bbox 287 941 1893 1046; baseline 0.001 -29"><span class='ocrx_word' id='word_1_22' title='bbox 287 946 327 1017; x_wconf 89' lang='lat' dir='ltr'><strong>in</strong></span> <span class='ocrx_word' id='word_1_23' title='bbox 351 946 532 1020; x_wconf 90' lang='lat' dir='ltr'><strong>sentiendi</strong></span> <span class='ocrx_word' id='word_1_24' title='bbox 554 945 788 1022; x_wconf 88' lang='lat' dir='ltr'><strong>sublimitate.</strong></span> <span class='ocrx_word' id='word_1_25' title='bbox 841 946 1008 1021; x_wconf 89' lang='lat' dir='ltr'><strong>Omnino</strong></span> <span class='ocrx_word' id='word_1_26' title='bbox 1038 962 1160 1020; x_wconf 90' lang='lat' dir='ltr'><strong>autem</strong></span> <span class='ocrx_word' id='word_1_27' title='bbox 1189 959 1289 1017; x_wconf 89' lang='lat' dir='ltr'><strong>recte</strong></span> <span class='ocrx_word' id='word_1_28' title='bbox 1320 941 1500 1043; x_wconf 83' lang='lat' dir='ltr'><strong>judicavit</strong></span> <span class='ocrx_word' id='word_1_29' title='bbox 1523 947 1710 1019; x_wconf 80' lang='lat' dir='ltr'>Maximus</span> <span class='ocrx_word' id='word_1_30' title='bbox 1736 947 1893 1046; x_wconf 81' lang='lat' dir='ltr'><strong>Tyrius,</strong></span> 
     </span>
     <span class='ocr_line' id='line_1_4' title="bbox 288 1066 1896 1172; baseline 0.001 -34"><span class='ocrx_word' id='word_1_31' title='bbox 288 1080 350 1139; x_wconf 86' lang='lat' dir='ltr'><strong>aut</strong></span> <span class='ocrx_word' id='word_1_32' title='bbox 370 1069 587 1168; x_wconf 84' lang='lat' dir='ltr'><strong>quicunque</strong></span> <span class='ocrx_word' id='word_1_33' title='bbox 606 1069 691 1160; x_wconf 79' lang='lat' dir='ltr'><strong>biit,</strong></span> <span class='ocrx_word' id='word_1_34' title='bbox 717 1071 784 1170; x_wconf 89' lang='lat' dir='ltr'><strong>qui</strong></span> <span class='ocrx_word' id='word_1_35' title='bbox 806 1071 997 1172; x_wconf 89' lang='lat' dir='ltr'><strong>antiquam</strong></span> <span class='ocrx_word' id='word_1_36' title='bbox 1012 1067 1294 1142; x_wconf 82' lang='lat' dir='ltr'><strong>Atheniensium</strong></span> <span class='ocrx_word' id='word_1_37' title='bbox 1310 1066 1458 1146; x_wconf 86' lang='lat' dir='ltr'><strong>Musam</strong></span> <span class='ocrx_word' id='word_1_38' title='bbox 1483 1070 1522 1141; x_wconf 92' lang='lat' dir='ltr'><strong>in</strong></span> <span class='ocrx_word' id='word_1_39' title='bbox 1548 1066 1671 1140; x_wconf 79' lang='lat' dir='ltr'><strong>eboris</strong></span> <span class='ocrx_word' id='word_1_40' title='bbox 1694 1067 1896 1143; x_wconf 85' lang='lat' dir='ltr'><strong>consistere</strong></span> 
     </span>
     <span class='ocr_line' id='line_1_5' title="bbox 287 1184 1895 1292; baseline -0.001 -32"><span class='ocrx_word' id='word_1_41' title='bbox 287 1184 450 1262; x_wconf 81' lang='lat' dir='ltr'><strong>dicebat</strong></span> <span class='ocrx_word' id='word_1_42' title='bbox 460 1190 507 1249; x_wconf 90' lang='lat'><strong>²²·</strong></span> <span class='ocrx_word' id='word_1_43' title='bbox 559 1187 664 1284; x_wconf 87' lang='lat' dir='ltr'><strong>Quae</strong></span> <span class='ocrx_word' id='word_1_44' title='bbox 689 1217 918 1292; x_wconf 90' lang='lat' dir='ltr'><strong>quamquam</strong></span> <span class='ocrx_word' id='word_1_45' title='bbox 942 1194 991 1265; x_wconf 92' lang='lat' dir='ltr'><strong>ita</strong></span> <span class='ocrx_word' id='word_1_46' title='bbox 1009 1205 1095 1265; x_wconf 90' lang='lat' dir='ltr'><strong>sunt</strong></span> <span class='ocrx_word' id='word_1_47' title='bbox 1120 1191 1160 1262; x_wconf 93' lang='lat' dir='ltr'><strong>in</strong></span> <span class='ocrx_word' id='word_1_48' title='bbox 1185 1201 1377 1288; x_wconf 89' lang='lat' dir='ltr'><strong>promptu,</strong></span> <span class='ocrx_word' id='word_1_49' title='bbox 1405 1201 1447 1260; x_wconf 92' lang='lat' dir='ltr'><strong>ut</strong></span> <span class='ocrx_word' id='word_1_50' title='bbox 1471 1187 1716 1287; x_wconf 83' lang='lat' dir='ltr'><strong>explicatione</strong></span> <span class='ocrx_word' id='word_1_51' title='bbox 1737 1211 1816 1259; x_wconf 93' lang='lat' dir='ltr'><strong>non</strong></span> <span class='ocrx_word' id='word_1_52' title='bbox 1837 1189 1895 1260; x_wconf 91' lang='lat' dir='ltr'><strong>in-</strong></span> 
     </span>
     <span class='ocr_line' id='line_1_6' title="bbox 291 1307 1895 1413; baseline 0 -32"><span class='ocrx_word' id='word_1_53' title='bbox 291 1307 453 1409; x_wconf 76' lang='lat' dir='ltr'><strong>digeant,</strong></span> <span class='ocrx_word' id='word_1_54' title='bbox 492 1327 614 1385; x_wconf 89' lang='lat' dir='ltr'><strong>tamen</strong></span> <span class='ocrx_word' id='word_1_55' title='bbox 646 1315 854 1413; x_wconf 85' lang='lat' dir='ltr'><strong>comparari</strong></span> <span class='ocrx_word' id='word_1_56' title='bbox 886 1310 1041 1413; x_wconf 83' lang='lat' dir='ltr'><strong>possunt</strong></span> <span class='ocrx_word' id='word_1_57' title='bbox 1072 1324 1108 1382; x_wconf 89' lang='lat' dir='ltr'><strong>et</strong></span> <span class='ocrx_word' id='word_1_58' title='bbox 1140 1335 1236 1409; x_wconf 91' lang='lat' dir='ltr'><strong>quae</strong></span> <span class='ocrx_word' id='word_1_59' title='bbox 1261 1308 1489 1409; x_wconf 83' lang='lat' dir='ltr'><strong>Schlegelius</strong></span> <span class='ocrx_word' id='word_1_60' title='bbox 1523 1308 1740 1410; x_wconf 84' lang='lat' dir='ltr'><strong>disputavit,</strong></span> <span class='ocrx_word' id='word_1_61' title='bbox 1752 1307 1801 1366; x_wconf 77' lang='lat'><strong>²³·</strong></span> <span class='ocrx_word' id='word_1_62' title='bbox 1827 1310 1895 1408; x_wconf 90' lang='lat' dir='ltr'><strong>qui</strong></span> 
     </span>
     <span class='ocr_line' id='line_1_7' title="bbox 205 1415 1897 1539; baseline 0.002 -39"><span class='ocrx_word' id='word_1_63' title='bbox 205 1461 209 1470; x_wconf 50' lang='lat'><strong>²</strong></span> <span class='ocrx_word' id='word_1_64' title='bbox 292 1429 475 1529; x_wconf 85' lang='lat' dir='ltr'><strong>plurimos</strong></span> <span class='ocrx_word' id='word_1_65' title='bbox 495 1431 751 1533; x_wconf 83' lang='lat' dir='ltr'><strong>Aristophanis</strong></span> <span class='ocrx_word' id='word_1_66' title='bbox 775 1431 908 1506; x_wconf 89' lang='lat' dir='ltr'><strong>choros</strong></span> <span class='ocrx_word' id='word_1_67' title='bbox 934 1434 974 1505; x_wconf 90' lang='lat' dir='ltr'><strong>in</strong></span> <span class='ocrx_word' id='word_1_68' title='bbox 997 1429 1227 1531; x_wconf 81' lang='lat' dir='ltr'><strong>tragoediam</strong></span> <span class='ocrx_word' id='word_1_69' title='bbox 1247 1432 1409 1531; x_wconf 77' lang='lat' dir='ltr'><strong>integros</strong></span> <span class='ocrx_word' id='word_1_70' title='bbox 1433 1415 1628 1520; x_wconf 78' lang='lat' dir='ltr'><strong>transferri</strong></span> <span class='ocrx_word' id='word_1_71' title='bbox 1656 1454 1766 1532; x_wconf 91' lang='lat' dir='ltr'><strong>posse</strong></span> <span class='ocrx_word' id='word_1_72' title='bbox 1789 1445 1897 1539; x_wconf 84' lang='lat' dir='ltr'><strong>puta·</strong></span> 
     </span>
    </p>
   </div>
   <div class='ocr_carea' id='block_1_2' title="bbox 291 1549 1949 1795">
    <p class='ocr_par' dir='ltr' id='par_1_2' title="bbox 291 1549 1949 1777">
     <span class='ocr_line' id='line_1_8' title="bbox 292 1549 1897 1656; baseline 0.001 -34"><span class='ocrx_word' id='word_1_73' title='bbox 292 1566 383 1640; x_wconf 88' lang='lat' dir='ltr'><strong>ret,</strong></span> <span class='ocrx_word' id='word_1_74' title='bbox 401 1567 436 1625; x_wconf 92' lang='lat' dir='ltr'><strong>et</strong></span> <span class='ocrx_word' id='word_1_75' title='bbox 467 1556 649 1628; x_wconf 88' lang='lat' dir='ltr'><strong>nonnulla</strong></span> <span class='ocrx_word' id='word_1_76' title='bbox 679 1555 861 1656; x_wconf 84' lang='lat' dir='ltr'><strong>exempla,</strong></span> <span class='ocrx_word' id='word_1_77' title='bbox 904 1581 1000 1655; x_wconf 90' lang='lat' dir='ltr'><strong>quae</strong></span> <span class='ocrx_word' id='word_1_78' title='bbox 1032 1581 1080 1626; x_wconf 82' lang='lat' dir='ltr'><strong>ex</strong></span> <span class='ocrx_word' id='word_1_79' title='bbox 1108 1554 1241 1627; x_wconf 90' lang='lat' dir='ltr'><strong>summi</strong></span> <span class='ocrx_word' id='word_1_80' title='bbox 1268 1569 1413 1653; x_wconf 89' lang='lat' dir='ltr'><strong>poetae</strong></span> <span class='ocrx_word' id='word_1_81' title='bbox 1422 1550 1557 1625; x_wconf 88' lang='lat' dir='ltr'><strong>sabulis</strong></span> <span class='ocrx_word' id='word_1_82' title='bbox 1583 1549 1801 1624; x_wconf 81' lang='lat' dir='ltr'><strong>afferemus</strong></span> <span class='ocrx_word' id='word_1_83' title='bbox 1837 1551 1897 1624; x_wconf 83' lang='lat' dir='ltr'><strong>Ex</strong></span> 
     </span>
     <span class='ocr_line' id='line_1_9' title="bbox 291 1667 1949 1795; baseline 0.002 -52"><span class='ocrx_word' id='word_1_84' title='bbox 291 1667 590 1750; x_wconf 85' lang='lat' dir='ltr'><strong>Acharnensibus</strong></span> <span class='ocrx_word' id='word_1_85' title='bbox 613 1675 760 1777; x_wconf 79' lang='lat' dir='ltr'><strong>legendi</strong></span> <span class='ocrx_word' id='word_1_86' title='bbox 782 1673 887 1795; x_wconf 77' lang='lat' dir='ltr'><strong>chori</strong></span> <span class='ocrx_word' id='word_1_87' title='bbox 908 1689 1034 1748; x_wconf 87' lang='lat' dir='ltr'><strong>cantus</strong></span> <span class='ocrx_word' id='word_1_88' title='bbox 1054 1689 1153 1765; x_wconf 89' lang='lat' dir='ltr'><strong>sunt,</strong></span> <span class='ocrx_word' id='word_1_89' title='bbox 1179 1674 1318 1776; x_wconf 88' lang='lat' dir='ltr'><strong>quibus</strong></span> <span class='ocrx_word' id='word_1_90' title='bbox 1340 1672 1430 1746; x_wconf 90' lang='lat' dir='ltr'><strong>ille</strong></span> <span class='ocrx_word' id='word_1_91' title='bbox 1421 1672 1706 1772; x_wconf 78' lang='lat' dir='ltr'><strong>ingravescentis</strong></span> <span class='ocrx_word' id='word_1_92' title='bbox 1729 1687 1899 1746; x_wconf 89' lang='lat' dir='ltr'><strong>senectu·</strong></span> <span class='ocrx_word' id='word_1_93' title='bbox 1944 1688 1949 1695; x_wconf 86' lang='lat'>&#39;</span> 
     </span>
    </p>
   </div>
   <div class='ocr_carea' id='block_1_3' title="bbox 175 1773 1978 1936">
    <p class='ocr_par' dir='ltr' id='par_1_3' title="bbox 175 1773 1978 1936">
     <span class='ocr_line' id='line_1_10' title="bbox 175 1773 1978 1936; baseline 0.002 -72"><span class='ocrx_word' id='word_1_94' title='bbox 175 1795 209 1827; x_wconf 64' lang='lat'><strong>³</strong></span> <span class='ocrx_word' id='word_1_95' title='bbox 296 1786 341 1865; x_wconf 90' lang='lat' dir='ltr'><strong>tis</strong></span> <span class='ocrx_word' id='word_1_96' title='bbox 367 1795 552 1872; x_wconf 84' lang='lat' dir='ltr'><strong>molestias</strong></span> <span class='ocrx_word' id='word_1_97' title='bbox 574 1777 834 1936; x_wconf 77' lang='lat' dir='ltr'><strong>conqueritur,</strong></span> <span class='ocrx_word' id='word_1_98' title='bbox 859 1823 955 1897; x_wconf 87' lang='lat' dir='ltr'><strong>quae</strong></span> <span class='ocrx_word' id='word_1_99' title='bbox 975 1795 1212 1897; x_wconf 83' lang='lat' dir='ltr'><strong>prohibeant,</strong></span> <span class='ocrx_word' id='word_1_100' title='bbox 1238 1822 1285 1868; x_wconf 89' lang='lat' dir='ltr'><strong>ne</strong></span> <span class='ocrx_word' id='word_1_101' title='bbox 1309 1773 1590 1868; x_wconf 86' lang='lat' dir='ltr'><strong>intercessorem</strong></span> <span class='ocrx_word' id='word_1_102' title='bbox 1614 1794 1791 1894; x_wconf 87' lang='lat' dir='ltr'><strong>persequi</strong></span> <span class='ocrx_word' id='word_1_103' title='bbox 1807 1816 1899 1893; x_wconf 87' lang='lat' dir='ltr'><strong>pos-</strong></span> <span class='ocrx_word' id='word_1_104' title='bbox 1975 1794 1978 1798; x_wconf 57' lang='grc'>’</span> 
     </span>
    </p>
   </div>
   <div class='ocr_carea' id='block_1_4' title="bbox 292 1913 1900 2259">
    <p class='ocr_par' dir='ltr' id='par_1_4' title="bbox 292 1913 1900 2259">
     <span class='ocr_line' id='line_1_11' title="bbox 292 1913 1894 2020; baseline 0.001 -33"><span class='ocrx_word' id='word_1_105' title='bbox 292 1917 355 2007; x_wconf 89' lang='lat' dir='ltr'><strong>sit;</strong></span> <span class='ocrx_word' id='word_1_106' title='bbox 346 1914 409 1972; x_wconf 80' lang='grc'><strong>·44·</strong></span> <span class='ocrx_word' id='word_1_107' title='bbox 436 1914 571 1990; x_wconf 91' lang='lat' dir='ltr'><strong>deinde</strong></span> <span class='ocrx_word' id='word_1_108' title='bbox 596 1944 635 1992; x_wconf 88' lang='lat' dir='ltr'><strong>se</strong></span> <span class='ocrx_word' id='word_1_109' title='bbox 661 1920 784 2020; x_wconf 90' lang='lat' dir='ltr'><strong>ipsum</strong></span> <span class='ocrx_word' id='word_1_110' title='bbox 809 1915 1038 2008; x_wconf 79' lang='lat' dir='ltr'><strong>cohortatur,</strong></span> <span class='ocrx_word' id='word_1_111' title='bbox 1075 1945 1123 1990; x_wconf 91' lang='lat' dir='ltr'><strong>ne</strong></span> <span class='ocrx_word' id='word_1_112' title='bbox 1148 1917 1227 1990; x_wconf 90' lang='lat' dir='ltr'><strong>ulla</strong></span> <span class='ocrx_word' id='word_1_113' title='bbox 1252 1944 1294 1990; x_wconf 90' lang='lat' dir='ltr'><strong>re</strong></span> <span class='ocrx_word' id='word_1_114' title='bbox 1315 1914 1497 1990; x_wconf 83' lang='lat' dir='ltr'><strong>deterreri</strong></span> <span class='ocrx_word' id='word_1_115' title='bbox 1522 1940 1560 1988; x_wconf 89' lang='lat' dir='ltr'><strong>se</strong></span> <span class='ocrx_word' id='word_1_116' title='bbox 1585 1942 1606 1985; x_wconf 91' lang='lat' dir='ltr'><strong>a</strong></span> <span class='ocrx_word' id='word_1_117' title='bbox 1629 1913 1894 2016; x_wconf 84' lang='lat' dir='ltr'><strong>persequendo</strong></span> 
     </span>
     <span class='ocr_line' id='line_1_12' title="bbox 293 2034 1899 2142; baseline -0.001 -32"><span class='ocrx_word' id='word_1_118' title='bbox 293 2040 522 2138; x_wconf 82' lang='lat' dir='ltr'><strong>patiatur.²⁵·</strong></span> <span class='ocrx_word' id='word_1_119' title='bbox 571 2038 615 2109; x_wconf 93' lang='lat' dir='ltr'><strong>In</strong></span> <span class='ocrx_word' id='word_1_120' title='bbox 638 2038 818 2142; x_wconf 87' lang='lat' dir='ltr'><strong>Equitum</strong></span> <span class='ocrx_word' id='word_1_121' title='bbox 846 2036 961 2111; x_wconf 90' lang='lat' dir='ltr'><strong>choro</strong></span> <span class='ocrx_word' id='word_1_122' title='bbox 991 2038 1156 2140; x_wconf 90' lang='lat' dir='ltr'><strong>quodam</strong></span> <span class='ocrx_word' id='word_1_123' title='bbox 1182 2041 1379 2140; x_wconf 85' lang='lat' dir='ltr'><strong>Neptunus</strong></span> <span class='ocrx_word' id='word_1_124' title='bbox 1404 2034 1578 2109; x_wconf 89' lang='lat' dir='ltr'><strong>laudibus</strong></span> <span class='ocrx_word' id='word_1_125' title='bbox 1605 2048 1762 2109; x_wconf 90' lang='lat' dir='ltr'><strong>ornatur</strong></span> <span class='ocrx_word' id='word_1_126' title='bbox 1786 2050 1899 2137; x_wconf 86' lang='lat' dir='ltr'><strong>atque</strong></span> 
     </span>
     <span class='ocr_line' id='line_1_13' title="bbox 295 2156 1900 2259; baseline -0.001 -29"><span class='ocrx_word' id='word_1_127' title='bbox 295 2173 483 2247; x_wconf 81' lang='lat' dir='ltr'><strong>evocatur,</strong></span> <span class='ocrx_word' id='word_1_128' title='bbox 521 2174 563 2232; x_wconf 91' lang='lat' dir='ltr'><strong>ut</strong></span> <span class='ocrx_word' id='word_1_129' title='bbox 583 2157 691 2233; x_wconf 74' lang='lat' dir='ltr'><strong>‘chori</strong></span> <span class='ocrx_word' id='word_1_130' title='bbox 719 2174 841 2259; x_wconf 90' lang='lat' dir='ltr'><strong>partes</strong></span> <span class='ocrx_word' id='word_1_131' title='bbox 865 2162 960 2233; x_wconf 88' lang='lat' dir='ltr'><strong>tueri</strong></span> <span class='ocrx_word' id='word_1_132' title='bbox 983 2161 1148 2253; x_wconf 77' lang='lat' dir='ltr'><strong>velit;²⁶·&#39;</strong></span> <span class='ocrx_word' id='word_1_133' title='bbox 1178 2159 1295 2232; x_wconf 89' lang='lat' dir='ltr'><strong>altero</strong></span> <span class='ocrx_word' id='word_1_134' title='bbox 1318 2160 1510 2232; x_wconf 83' lang='lat' dir='ltr'><strong>Minervae</strong></span> <span class='ocrx_word' id='word_1_135' title='bbox 1537 2182 1648 2257; x_wconf 89' lang='lat' dir='ltr'><strong>opem</strong></span> <span class='ocrx_word' id='word_1_136' title='bbox 1672 2156 1812 2232; x_wconf 85' lang='lat' dir='ltr'><strong>chorus</strong></span> <span class='ocrx_word' id='word_1_137' title='bbox 1833 2160 1900 2231; x_wconf 67' lang='lat' dir='ltr'><strong>im·</strong></span> 
     </span>
    </p>
   </div>
   <div class='ocr_carea' id='block_1_5' title="bbox 230 2276 1971 3905">
    <p class='ocr_par' dir='ltr' id='par_1_5' title="bbox 230 2276 1971 3905">
     <span class='ocr_line' id='line_1_14' title="bbox 282 2276 1603 2381; baseline 0.002 -33"><span class='ocrx_word' id='word_1_138' title='bbox 282 2276 430 2376; x_wconf 79' lang='lat' dir='ltr'><strong>plorat,</strong></span> <span class='ocrx_word' id='word_1_139' title='bbox 456 2293 496 2351; x_wconf 91' lang='lat' dir='ltr'><strong>ut</strong></span> <span class='ocrx_word' id='word_1_140' title='bbox 522 2304 564 2350; x_wconf 89' lang='lat' dir='ltr'><strong>ea</strong></span> <span class='ocrx_word' id='word_1_141' title='bbox 583 2278 742 2379; x_wconf 90' lang='lat' dir='ltr'><strong>propius</strong></span> <span class='ocrx_word' id='word_1_142' title='bbox 767 2278 917 2353; x_wconf 87' lang='lat' dir='ltr'><strong>accedat</strong></span> <span class='ocrx_word' id='word_1_143' title='bbox 938 2278 1111 2381; x_wconf 84' lang='lat' dir='ltr'><strong>verisque</strong></span> <span class='ocrx_word' id='word_1_144' title='bbox 1136 2281 1328 2354; x_wconf 86' lang='lat' dir='ltr'><strong>victoriam</strong></span> <span class='ocrx_word' id='word_1_145' title='bbox 1351 2276 1541 2379; x_wconf 86' lang='lat' dir='ltr'><strong>praebeat:</strong></span> <span class='ocrx_word' id='word_1_146' title='bbox 1557 2277 1603 2337; x_wconf 82' lang='lat'><strong>²⁷·</strong></span> 
     </span>
     <span class='ocr_line' id='line_1_15' title="bbox 781 2389 1201 2480; baseline 0.005 -19"><span class='ocrx_word' id='word_1_147' title='bbox 781 2389 810 2461; x_wconf 74' lang='lat' dir='ltr'><strong>ai</strong></span> <span class='ocrx_word' id='word_1_148' title='bbox 831 2401 984 2480; x_wconf 78' lang='grc' dir='ltr'>πολιοῦχε</span> <span class='ocrx_word' id='word_1_149' title='bbox 1003 2391 1201 2478; x_wconf 56' lang='lat' dir='ltr'><strong>natitent</strong></span> 
     </span>
     <span class='ocr_line' id='line_1_16' title="bbox 782 2496 1241 2586; baseline 0.004 -22"><span class='ocrx_word' id='word_1_150' title='bbox 782 2504 839 2582; x_wconf 81' lang='grc' dir='ltr'><strong>τῆς</strong></span> <span class='ocrx_word' id='word_1_151' title='bbox 858 2496 1035 2586; x_wconf 75' lang='grc' dir='ltr'><em>ἱερωτάτης</em></span> <span class='ocrx_word' id='word_1_152' title='bbox 1056 2502 1148 2575; x_wconf 60' lang='grc' dir='ltr'><strong>ἄιτα·7</strong></span> <span class='ocrx_word' id='word_1_153' title='bbox 1239 2504 1241 2508; x_wconf 76' lang='grc'><strong>’</strong></span> 
     </span>
     <span class='ocr_line' id='line_1_17' title="bbox 783 2607 1246 2693; baseline 0.004 -25"><span class='ocrx_word' id='word_1_154' title='bbox 783 2607 1001 2693; x_wconf 74' lang='grc' dir='ltr'><strong>σοῖν-πολέμῳ</strong></span> <span class='ocrx_word' id='word_1_155' title='bbox 1019 2630 1054 2671; x_wconf 82' lang='grc' dir='ltr'><strong>τε</strong></span> <span class='ocrx_word' id='word_1_156' title='bbox 1075 2607 1130 2671; x_wconf 83' lang='grc' dir='ltr'><em>καί</em></span> <span class='ocrx_word' id='word_1_157' title='bbox 1147 2629 1246 2690; x_wconf 79' lang='grc' dir='ltr'>ποιη-</span> 
     </span>
     <span class='ocr_line' id='line_1_18' title="bbox 639 2703 1284 2790; baseline -0.008 -18"><span class='ocrx_word' id='word_1_158' title='bbox 639 2775 644 2781; x_wconf 74' lang='grc'><strong>,</strong></span> <span class='ocrx_word' id='word_1_159' title='bbox 736 2704 739 2708; x_wconf 36' lang='lat'><em>⁴</em></span> <span class='ocrx_word' id='word_1_160' title='bbox 781 2717 853 2780; x_wconf 80' lang='grc' dir='ltr'><strong>ταῖς</strong></span> <span class='ocrx_word' id='word_1_161' title='bbox 874 2705 1009 2786; x_wconf 78' lang='grc' dir='ltr'>δυνάμει</span> <span class='ocrx_word' id='word_1_162' title='bbox 1029 2703 1284 2790; x_wconf 74' lang='grc' dir='ltr'>θ’ὖσερφεροά-</span> 
     </span>
     <span class='ocr_line' id='line_1_19' title="bbox 727 2802 1253 2895; baseline 0.011 -26"><span class='ocrx_word' id='word_1_163' title='bbox 727 2802 732 2807; x_wconf 71' lang='grc'><strong>’</strong></span> <span class='ocrx_word' id='word_1_164' title='bbox 865 2831 933 2895; x_wconf 57' lang='lat' dir='ltr'><strong>ope,</strong></span> <span class='ocrx_word' id='word_1_165' title='bbox 950 2810 1113 2889; x_wconf 75' lang='grc' dir='ltr'><strong><em>μεδέουσα</em></strong></span> <span class='ocrx_word' id='word_1_166' title='bbox 1131 2803 1253 2893; x_wconf 71' lang='grc' dir='ltr'>χώρας,</span> 
     </span>
     <span class='ocr_line' id='line_1_20' title="bbox 784 2911 1253 2996; baseline 0.009 -23"><span class='ocrx_word' id='word_1_167' title='bbox 784 2911 872 2995; x_wconf 79' lang='grc' dir='ltr'>δεῦρ’</span> <span class='ocrx_word' id='word_1_168' title='bbox 892 2912 1012 2995; x_wconf 70' lang='grc' dir='ltr'>ἀφικοῦ</span> <span class='ocrx_word' id='word_1_169' title='bbox 1030 2917 1175 2993; x_wconf 78' lang='grc' dir='ltr'>λαβοῦσα</span> <span class='ocrx_word' id='word_1_170' title='bbox 1194 2911 1253 2996; x_wconf 70' lang='grc' dir='ltr'><strong>τήν</strong></span> 
     </span>
     <span class='ocr_line' id='line_1_21' title="bbox 784 3010 1269 3098; baseline 0.002 -20"><span class='ocrx_word' id='word_1_171' title='bbox 784 3013 819 3078; x_wconf 71' lang='grc' dir='ltr'><strong>ἐν</strong></span> <span class='ocrx_word' id='word_1_172' title='bbox 840 3023 1007 3098; x_wconf 83' lang='grc' dir='ltr'>στρατιαῖς</span> <span class='ocrx_word' id='word_1_173' title='bbox 1023 3038 1058 3080; x_wconf 83' lang='grc' dir='ltr'><strong>τε</strong></span> <span class='ocrx_word' id='word_1_174' title='bbox 1077 3015 1133 3081; x_wconf 79' lang='grc' dir='ltr'><strong><em>καί</em></strong></span> <span class='ocrx_word' id='word_1_175' title='bbox 1149 3010 1269 3096; x_wconf 81' lang='grc' dir='ltr'>μάχαις</span> 
     </span>
     <span class='ocr_line' id='line_1_22' title="bbox 863 3114 1190 3202; baseline 0.003 -20"><span class='ocrx_word' id='word_1_176' title='bbox 863 3115 1023 3202; x_wconf 77' lang='grc' dir='ltr'><strong>ἡμετέραν</strong></span> <span class='ocrx_word' id='word_1_177' title='bbox 1040 3114 1190 3201; x_wconf 70' lang='grc' dir='ltr'><strong>ξυνεργὸν</strong></span> 
     </span>
     <span class='ocr_line' id='line_1_23' title="bbox 662 3211 1346 3320; baseline 0.006 -34"><span class='ocrx_word' id='word_1_178' title='bbox 662 3245 671 3262; x_wconf 77' lang='grc'><strong><em>·</em></strong></span> <span class='ocrx_word' id='word_1_179' title='bbox 784 3217 895 3306; x_wconf 77' lang='grc' dir='ltr'><strong><em>Νίκην,</em></strong></span> <span class='ocrx_word' id='word_1_180' title='bbox 915 3219 937 3304; x_wconf 76' lang='grc' dir='ltr'><em>ἢ</em></span> <span class='ocrx_word' id='word_1_181' title='bbox 953 3211 1096 3320; x_wconf 73' lang='grc' dir='ltr'>χορικῶν</span> <span class='ocrx_word' id='word_1_182' title='bbox 1118 3222 1206 3288; x_wconf 78' lang='grc' dir='ltr'>ἐστιν</span> <span class='ocrx_word' id='word_1_183' title='bbox 1224 3218 1346 3310; x_wconf 71' lang='grc' dir='ltr'>ἑταίρα,</span> 
     </span>
     <span class='ocr_line' id='line_1_24' title="bbox 375 3323 1489 3423; baseline 0.001 -31"><span class='ocrx_word' id='word_1_184' title='bbox 375 3415 382 3423; x_wconf 69' lang='lat'><strong>,</strong></span> <span class='ocrx_word' id='word_1_185' title='bbox 783 3337 853 3403; x_wconf 84' lang='grc' dir='ltr'><strong>τοῖς</strong></span> <span class='ocrx_word' id='word_1_186' title='bbox 871 3325 911 3390; x_wconf 82' lang='grc' dir='ltr'><strong>’τ’</strong></span> <span class='ocrx_word' id='word_1_187' title='bbox 925 3327 1074 3411; x_wconf 68' lang='grc' dir='ltr'>ἐχθροῖσι</span> <span class='ocrx_word' id='word_1_188' title='bbox 1094 3327 1175 3408; x_wconf 74' lang='grc' dir='ltr'><strong>μεθ’</strong></span> <span class='ocrx_word' id='word_1_189' title='bbox 1198 3326 1290 3409; x_wconf 70' lang='grc' dir='ltr'><strong>ἡμῶν</strong></span> <span class='ocrx_word' id='word_1_190' title='bbox 1311 3323 1489 3408; x_wconf 82' lang='grc' dir='ltr'>στασιάζει.</span> 
     </span>
     <span class='ocr_line' id='line_1_25' title="bbox 300 3431 1944 3531; baseline 0.005 -28"><span class='ocrx_word' id='word_1_191' title='bbox 300 3447 335 3504; x_wconf 91' lang='lat' dir='ltr'><strong>et</strong></span> <span class='ocrx_word' id='word_1_192' title='bbox 362 3431 518 3531; x_wconf 90' lang='lat' dir='ltr'><strong>reliqua.</strong></span> <span class='ocrx_word' id='word_1_193' title='bbox 572 3432 721 3529; x_wconf 83' lang='lat' dir='ltr'><strong>Quanta</strong></span> <span class='ocrx_word' id='word_1_194' title='bbox 745 3446 868 3531; x_wconf 86' lang='lat' dir='ltr'><strong>autem</strong></span> <span class='ocrx_word' id='word_1_195' title='bbox 892 3432 1011 3504; x_wconf 85' lang='lat' dir='ltr'><strong>virtus</strong></span> <span class='ocrx_word' id='word_1_196' title='bbox 1030 3457 1072 3502; x_wconf 89' lang='lat' dir='ltr'><strong>ac</strong></span> <span class='ocrx_word' id='word_1_197' title='bbox 1091 3435 1311 3530; x_wconf 85' lang='lat' dir='ltr'><strong>praestantia</strong></span> <span class='ocrx_word' id='word_1_198' title='bbox 1331 3437 1370 3508; x_wconf 88' lang='lat' dir='ltr'><strong>in</strong></span> <span class='ocrx_word' id='word_1_199' title='bbox 1391 3437 1442 3509; x_wconf 90' lang='lat' dir='ltr'><strong>eis</strong></span> <span class='ocrx_word' id='word_1_200' title='bbox 1463 3435 1688 3510; x_wconf 76' lang='lat' dir='ltr'><strong>carminibus</strong></span> <span class='ocrx_word' id='word_1_201' title='bbox 1711 3438 1828 3512; x_wconf 90' lang='lat' dir='ltr'><strong>inesse</strong></span> <span class='ocrx_word' id='word_1_202' title='bbox 1849 3441 1906 3511; x_wconf 86' lang='lat' dir='ltr'><strong>vi·</strong></span> <span class='ocrx_word' id='word_1_203' title='bbox 1930 3511 1944 3519; x_wconf 60' lang='grc'><strong>,,</strong></span> 
     </span>
     <span class='ocr_line' id='line_1_26' title="bbox 299 3549 1906 3656; baseline 0.007 -34"><span class='ocrx_word' id='word_1_204' title='bbox 299 3549 443 3641; x_wconf 79' lang='lat' dir='ltr'><strong>dentur,</strong></span> <span class='ocrx_word' id='word_1_205' title='bbox 483 3577 580 3652; x_wconf 87' lang='lat' dir='ltr'><strong>quae</strong></span> <span class='ocrx_word' id='word_1_206' title='bbox 613 3555 781 3629; x_wconf 91' lang='lat' dir='ltr'><strong>Nubium</strong></span> <span class='ocrx_word' id='word_1_207' title='bbox 811 3549 948 3626; x_wconf 86' lang='lat' dir='ltr'><strong>chorus</strong></span> <span class='ocrx_word' id='word_1_208' title='bbox 983 3549 1245 3645; x_wconf 88' lang='lat' dir='ltr'><strong>decantaverit,</strong></span> <span class='ocrx_word' id='word_1_209' title='bbox 1287 3554 1327 3629; x_wconf 92' lang='lat' dir='ltr'><strong>id</strong></span> <span class='ocrx_word' id='word_1_210' title='bbox 1351 3553 1426 3656; x_wconf 88' lang='lat' dir='ltr'><strong>jam</strong></span> <span class='ocrx_word' id='word_1_211' title='bbox 1450 3556 1512 3629; x_wconf 90' lang='lat' dir='ltr'><strong>alii</strong></span> <span class='ocrx_word' id='word_1_212' title='bbox 1537 3574 1775 3633; x_wconf 84' lang='lat' dir='ltr'><strong>monuerunt</strong></span> <span class='ocrx_word' id='word_1_213' title='bbox 1826 3560 1906 3633; x_wconf 92' lang='lat' dir='ltr'><strong>Nec</strong></span> 
     </span>
     <span class='ocr_line' id='line_1_27' title="bbox 230 3668 1905 3781; baseline 0.007 -38"><span class='ocrx_word' id='word_1_214' title='bbox 230 3727 232 3733; x_wconf 81' lang='grc'><strong>.</strong></span> <span class='ocrx_word' id='word_1_215' title='bbox 298 3668 459 3745; x_wconf 93' lang='lat' dir='ltr'><strong>dubium</strong></span> <span class='ocrx_word' id='word_1_216' title='bbox 484 3686 549 3764; x_wconf 90' lang='lat' dir='ltr'><strong>est,</strong></span> <span class='ocrx_word' id='word_1_217' title='bbox 576 3675 670 3774; x_wconf 88' lang='lat' dir='ltr'><strong>quin</strong></span> <span class='ocrx_word' id='word_1_218' title='bbox 695 3673 782 3748; x_wconf 86' lang='lat' dir='ltr'><strong>talia</strong></span> <span class='ocrx_word' id='word_1_219' title='bbox 801 3674 887 3764; x_wconf 90' lang='lat' dir='ltr'><strong>sint,</strong></span> <span class='ocrx_word' id='word_1_220' title='bbox 914 3698 1010 3773; x_wconf 89' lang='lat' dir='ltr'><strong>quae</strong></span> <span class='ocrx_word' id='word_1_221' title='bbox 1030 3672 1287 3776; x_wconf 84' lang='lat' dir='ltr'><strong>Aristophanis</strong></span> <span class='ocrx_word' id='word_1_222' title='bbox 1318 3676 1722 3779; x_wconf 88' lang='lat' dir='ltr'><strong>pulcherrima-baberi</strong></span> <span class='ocrx_word' id='word_1_223' title='bbox 1748 3681 1905 3781; x_wconf 81' lang='lat' dir='ltr'><strong>possint</strong></span> 
     </span>
     <span class='ocr_line' id='line_1_28' title="bbox 299 3794 1971 3905; baseline 0.011 -41"><span class='ocrx_word' id='word_1_224' title='bbox 299 3795 399 3864; x_wconf 86' lang='lat' dir='ltr'><strong>Sunt</strong></span> <span class='ocrx_word' id='word_1_225' title='bbox 418 3809 537 3867; x_wconf 88' lang='lat' dir='ltr'><strong>autern</strong></span> <span class='ocrx_word' id='word_1_226' title='bbox 558 3794 672 3870; x_wconf 87' lang='lat' dir='ltr'><strong>iubis</strong></span> <span class='ocrx_word' id='word_1_227' title='bbox 697 3822 739 3869; x_wconf 88' lang='lat' dir='ltr'><strong>en</strong></span> <span class='ocrx_word' id='word_1_228' title='bbox 766 3797 998 3901; x_wconf 86' lang='lat' dir='ltr'><strong>potissimum</strong></span> <span class='ocrx_word' id='word_1_229' title='bbox 1021 3797 1265 3889; x_wconf 89' lang='lat' dir='ltr'><strong>numeranda,</strong></span> <span class='ocrx_word' id='word_1_230' title='bbox 1290 3800 1429 3899; x_wconf 91' lang='lat' dir='ltr'><strong>quibus</strong></span> <span class='ocrx_word' id='word_1_231' title='bbox 1448 3799 1585 3876; x_wconf 88' lang='lat' dir='ltr'><strong>chorus</strong></span> <span class='ocrx_word' id='word_1_232' title='bbox 1609 3827 1648 3874; x_wconf 89' lang='lat' dir='ltr'><strong>se</strong></span> <span class='ocrx_word' id='word_1_233' title='bbox 1669 3803 1796 3903; x_wconf 88' lang='lat' dir='ltr'><strong>ipsum</strong></span> <span class='ocrx_word' id='word_1_234' title='bbox 1816 3826 1908 3905; x_wconf 81' lang='lat' dir='ltr'><strong>pro.-</strong></span> <span class='ocrx_word' id='word_1_235' title='bbox 1968 3869 1971 3882; x_wconf 92' lang='lat'><strong>.</strong></span> 
     </span>
    </p>
   </div>
   <div class='ocr_carea' id='block_1_6' title="bbox 272 3906 1899 4029">
    <p class='ocr_par' dir='ltr' id='par_1_6' title="bbox 272 3906 1899 4029">
     <span class='ocr_line' id='line_1_29' title="bbox 272 3906 1899 4029; baseline 0.012 -46"><span class='ocrx_word' id='word_1_236' title='bbox 272 3926 406 4021; x_wconf 25' lang='lat' dir='ltr'><strong>¹‘vocat</strong></span> <span class='ocrx_word' id='word_1_237' title='bbox 428 3913 476 3986; x_wconf 86' lang='lat' dir='ltr'><strong>ad</strong></span> <span class='ocrx_word' id='word_1_238' title='bbox 502 3915 836 4018; x_wconf 81' lang='lat' dir='ltr'><strong>progrediendum,</strong></span> <span class='ocrx_word' id='word_1_239' title='bbox 862 3930 904 3989; x_wconf 89' lang='lat' dir='ltr'><strong>ut</strong></span> <span class='ocrx_word' id='word_1_240' title='bbox 924 3941 969 3988; x_wconf 86' lang='lat' dir='ltr'><strong>ex</strong></span> <span class='ocrx_word' id='word_1_241' title='bbox 991 3916 1185 3994; x_wconf 87' lang='lat' dir='ltr'><strong>altitudine</strong></span> <span class='ocrx_word' id='word_1_242' title='bbox 1211 3919 1436 3996; x_wconf 89' lang='lat' dir='ltr'><strong>descendere</strong></span> <span class='ocrx_word' id='word_1_243' title='bbox 1461 3924 1593 4029; x_wconf 81' lang='lat' dir='ltr'><strong>possit:</strong></span> <span class='ocrx_word' id='word_1_244' title='bbox 1608 3923 1654 3980; x_wconf 80' lang='lat'><strong>²⁸·</strong></span> <span class='ocrx_word' id='word_1_245' title='bbox 1686 3906 1690 3914; x_wconf 37' lang='lat'><em>⁴</em></span> <span class='ocrx_word' id='word_1_246' title='bbox 1739 4013 1741 4017; x_wconf 18' lang='grc' dir='ltr'>ι</span> <span class='ocrx_word' id='word_1_247' title='bbox 1788 3981 1791 3985; x_wconf 50' lang='grc'>·</span> <span class='ocrx_word' id='word_1_248' title='bbox 1894 4019 1899 4028; x_wconf 31' lang='grc' dir='ltr'>Ι</span> 
     </span>
    </p>
   </div>
   <div class='ocr_carea' id='block_1_7' title="bbox 383 4243 1911 4659">
    <p class='ocr_par' dir='ltr' id='par_1_7' title="bbox 383 4243 1911 4658">
     <span class='ocr_line' id='line_1_30' title="bbox 383 4243 1910 4350; baseline 0.004 -28"><span class='ocrx_word' id='word_1_249' title='bbox 383 4263 429 4322; x_wconf 81' lang='grc'><strong>44.</strong></span> <span class='ocrx_word' id='word_1_250' title='bbox 450 4261 539 4323; x_wconf 84' lang='lat' dir='ltr'><strong>Conf.</strong></span> <span class='ocrx_word' id='word_1_251' title='bbox 552 4256 682 4343; x_wconf 83' lang='lat' dir='ltr'><strong>Gyrald.</strong></span> <span class='ocrx_word' id='word_1_252' title='bbox 697 4257 872 4324; x_wconf 86' lang='lat' dir='ltr'><strong>Comment.</strong></span> <span class='ocrx_word' id='word_1_253' title='bbox 893 4258 932 4322; x_wconf 88' lang='lat' dir='ltr'><strong>de</strong></span> <span class='ocrx_word' id='word_1_254' title='bbox 951 4278 1030 4321; x_wconf 88' lang='lat' dir='ltr'><strong>com.</strong></span> <span class='ocrx_word' id='word_1_255' title='bbox 1049 4269 1083 4323; x_wconf 90' lang='lat' dir='ltr'><strong>et</strong></span> <span class='ocrx_word' id='word_1_256' title='bbox 1101 4270 1178 4343; x_wconf 80' lang='lat' dir='ltr'><strong>trag.</strong></span> <span class='ocrx_word' id='word_1_257' title='bbox 1196 4261 1228 4322; x_wconf 90' lang='lat' dir='ltr'><strong>in</strong></span> <span class='ocrx_word' id='word_1_258' title='bbox 1246 4263 1385 4325; x_wconf 84' lang='lat' dir='ltr'><strong>Gronov.</strong></span> <span class='ocrx_word' id='word_1_259' title='bbox 1398 4264 1493 4326; x_wconf 82' lang='lat' dir='ltr'><strong>Thes.</strong></span> <span class='ocrx_word' id='word_1_260' title='bbox 1509 4265 1605 4348; x_wconf 85' lang='lat' dir='ltr'><strong>antiq.</strong></span> <span class='ocrx_word' id='word_1_261' title='bbox 1625 4288 1726 4350; x_wconf 78' lang='lat' dir='ltr'><strong>graec.</strong></span> <span class='ocrx_word' id='word_1_262' title='bbox 1747 4266 1818 4330; x_wconf 83' lang='lat' dir='ltr'><strong>Vol.</strong></span> <span class='ocrx_word' id='word_1_263' title='bbox 1828 4243 1910 4331; x_wconf 80' lang='lat' dir='ltr'><strong>Vlll.</strong></span> 
     </span>
     <span class='ocr_line' id='line_1_31' title="bbox 496 4358 1910 4450; baseline 0.004 -23"><span class='ocrx_word' id='word_1_264' title='bbox 496 4387 567 4448; x_wconf 76' lang='lat' dir='ltr'><strong>pag.</strong></span> <span class='ocrx_word' id='word_1_265' title='bbox 581 4358 670 4427; x_wconf 85' lang='grc'><strong>1484.</strong></span> <span class='ocrx_word' id='word_1_266' title='bbox 753 4366 799 4424; x_wconf 82' lang='lat'><strong>2³</strong></span> <span class='ocrx_word' id='word_1_267' title='bbox 811 4364 1016 4449; x_wconf 64' lang='lat' dir='ltr'><strong>usitatarum</strong></span> <span class='ocrx_word' id='word_1_268' title='bbox 1030 4361 1100 4450; x_wconf 81' lang='grc' dir='ltr'><strong>88α</strong></span> <span class='ocrx_word' id='word_1_269' title='bbox 1114 4364 1402 4445; x_wconf 72' lang='lat' dir='ltr'><strong>tronottfdrcttuntt</strong></span> <span class='ocrx_word' id='word_1_270' title='bbox 1416 4370 1475 4434; x_wconf 88' lang='grc' dir='ltr'>ιιο8</span> <span class='ocrx_word' id='word_1_271' title='bbox 1489 4368 1657 4437; x_wconf 70' lang='lat' dir='ltr'><strong>litteratae.</strong></span> <span class='ocrx_word' id='word_1_272' title='bbox 1670 4371 1727 4448; x_wconf 60' lang='lat' dir='ltr'><strong>tt.</strong></span> <span class='ocrx_word' id='word_1_273' title='bbox 1741 4373 1763 4436; x_wconf 91' lang='lat'>1</span> <span class='ocrx_word' id='word_1_274' title='bbox 1782 4373 1910 4449; x_wconf 59' lang='lat' dir='ltr'><strong>esen</strong></span> 
     </span>
     <span class='ocr_line' id='line_1_32' title="bbox 499 4455 1911 4600; baseline -0.001 -72"><span class='ocrx_word' id='word_1_275' title='bbox 499 4466 546 4526; x_wconf 88' lang='grc'><strong>44.</strong></span> <span class='ocrx_word' id='word_1_276' title='bbox 566 4465 699 4544; x_wconf 75' lang='lat' dir='ltr'><strong>Acheru.</strong></span> <span class='ocrx_word' id='word_1_277' title='bbox 720 4488 750 4534; x_wconf 83' lang='lat' dir='ltr'><strong>r.</strong></span> <span class='ocrx_word' id='word_1_278' title='bbox 767 4463 835 4530; x_wconf 83' lang='grc'><strong>404.</strong></span> <span class='ocrx_word' id='word_1_279' title='bbox 854 4489 939 4552; x_wconf 82' lang='lat' dir='ltr'><strong>seqq.</strong></span> <span class='ocrx_word' id='word_1_280' title='bbox 1023 4471 1072 4531; x_wconf 87' lang='grc'><strong>45.</strong></span> <span class='ocrx_word' id='word_1_281' title='bbox 1091 4468 1171 4530; x_wconf 87' lang='lat' dir='ltr'><strong>lbid.</strong></span> <span class='ocrx_word' id='word_1_282' title='bbox 1193 4490 1223 4529; x_wconf 85' lang='lat' dir='ltr'><strong>v.</strong></span> <span class='ocrx_word' id='word_1_283' title='bbox 1242 4466 1315 4536; x_wconf 74' lang='lat'><strong>219.</strong></span> <span class='ocrx_word' id='word_1_284' title='bbox 1326 4491 1412 4557; x_wconf 88' lang='lat' dir='ltr'><strong>seqq.</strong></span> <span class='ocrx_word' id='word_1_285' title='bbox 1496 4472 1542 4532; x_wconf 76' lang='lat'><strong>26.</strong></span> <span class='ocrx_word' id='word_1_286' title='bbox 1561 4455 1667 4558; x_wconf 74' lang='lat' dir='ltr'><strong>Eqmt.</strong></span> <span class='ocrx_word' id='word_1_287' title='bbox 1688 4471 1804 4600; x_wconf 43' lang='lat' dir='ltr'><strong>lm</strong></span> <span class='ocrx_word' id='word_1_288' title='bbox 1794 4495 1911 4559; x_wconf 63' lang='lat' dir='ltr'><strong>seqq,</strong></span> 
     </span>
     <span class='ocr_line' id='line_1_33' title="bbox 506 4570 1379 4659; baseline 0 -25"><span class='ocrx_word' id='word_1_289' title='bbox 506 4572 554 4659; x_wconf 73' lang='grc' dir='ltr'><strong>47.Ι</strong></span> <span class='ocrx_word' id='word_1_290' title='bbox 573 4570 651 4634; x_wconf 89' lang='lat' dir='ltr'><strong>lbid</strong></span> <span class='ocrx_word' id='word_1_291' title='bbox 673 4592 703 4636; x_wconf 80' lang='lat' dir='ltr'><strong>r.</strong></span> <span class='ocrx_word' id='word_1_292' title='bbox 727 4570 808 4635; x_wconf 81' lang='lat'><strong>581.-</strong></span> <span class='ocrx_word' id='word_1_293' title='bbox 805 4593 903 4656; x_wconf 88' lang='lat' dir='ltr'><strong>-.seqq</strong></span> <span class='ocrx_word' id='word_1_294' title='bbox 985 4574 1034 4635; x_wconf 79' lang='lat'><strong>28</strong></span> <span class='ocrx_word' id='word_1_295' title='bbox 1054 4572 1135 4636; x_wconf 83' lang='lat' dir='ltr'><strong>Nub.</strong></span> <span class='ocrx_word' id='word_1_296' title='bbox 1158 4593 1187 4633; x_wconf 80' lang='lat' dir='ltr'><strong>r.</strong></span> <span class='ocrx_word' id='word_1_297' title='bbox 1208 4571 1274 4634; x_wconf 85' lang='grc'><strong>475.</strong></span> <span class='ocrx_word' id='word_1_298' title='bbox 1289 4594 1379 4658; x_wconf 86' lang='lat' dir='ltr'><strong>seqq.</strong></span> 
     </span>
    </p>
   </div>
   <div class='ocr_carea' id='block_1_8' title="bbox 0 0 2206 5536">
    <p class='ocr_par' dir='ltr' id='par_1_8' title="bbox 0 0 2206 5536">
     <span class='ocr_line' id='line_1_34' title="bbox 0 0 2206 5536; baseline 0 0"><span class='ocrx_word' id='word_1_299' title='bbox 0 0 2206 5536; x_wconf 95' lang='lat' dir='ltr'><strong> </strong></span> 
     </span>
    </p>
   </div>
  </div>
 </body>
</html>
