4364 5536
937 428 1446 581 ·--1’24--·ι

1058 723 1113 792 ,3.

315 892 318 897 -
391 842 475 914 Jam
497 865 539 914 eo
559 835 742 940 perducta
767 845 820 906 eat
842 829 1270 933 nostra'disputati0,·ut
1293 831 1341 907 de
1364 835 1629 933 sententiarum
1650 844 1795 925 natura,
1821 857 1899 934 qua

294 961 406 1037 medii
443 963 587 1063 generis
615 971 745 1061 poetae
770 957 826 1028 usi
854 957 940 1046 sint,
982 970 1092 1058 atque
1119 979 1293 1057 personas
1320 951 1557 1026 describendi
1599 955 1742 1026 ration'e
1780 956 1898 1055 paulo
1981 1019 1988 1032 .

210 1132 213 1140 ,
295 1083 508 1186 explicatius
529 1080 682 1155 dicatur.
735 1080 874 1151 Totum
903 1091 1024 1150 autem
1049 1100 1176 1175 genus,
1205 1101 1292 1146 cum
1310 1072 1477 1145 medium
1497 1074 1754 1172 interpositum
1776 1076 1835 1165 ait,
1860 1091 1898 1150 et
1996 1170 1999 1183 ,

292 1203 458 1305 priorem
483 1216 519 1274 et
545 1202 790 1302 posteriorem
811 1213 965 1270 aetatem
989 1198 1143 1296 attingit,
1170 1208 1211 1267 ut
1235 1194 1386 1292 utrique
1413 1190 1655 1292 conjunctum
1676 1220 1753 1268 esse
1771 1195 1899 1270 videa-

292 1337 372 1414 tur;
397 1320 502 1423 quod
520 1319 622 1393 'idem
648 1319 746 1393 cadit
773 1320 810 1390 in
830 1317 917 1390 alias
944 1329 1052 1406 artes,
1079 1340 1240 1414 quarum
1266 1328 1308 1386 ut
1333 1338 1505 1423 quaeque
1529 1315 1577 1387 ad
1597 1315 1787 1389 diversum
1805 1332 1899 1392 tem·

290 1468 361 1545 pus
390 1444 545 1515 maxime
578 1443 751 1542 pertinet,
789 1441 836 1510 ita
870 1429 1029 1508 maxinie
1057 1435 1252 1533 utriusque
1279 1447 1449 1506 naturam
1481 1462 1641 1549 praesse
1666 1436 1770 1512 ferat
1824 1438 1899 1515 Sed

292 1579 414 1661 tamen
439 1565 562 1636 omnia
590 1565 715 1634 insunt
740 1561 777 1631 in
805 1557 875 1632 hoc
897 1585 1046 1659 genere,
1076 1554 1181 1656 quod
1200 1553 1372 1644 dicimus,
1394 1583 1489 1656 quae
1513 1555 1595 1655 jure
1622 1557 1896 1653 desiderentur,
1997 1600 1999 1604 ⁴

271 1710 378 1760 ,cum
403 1685 534 1759 habeat
564 1699 600 1759 et
622 1668 815 1757 ¹ueritatem
848 1692 883 1752 et
914 1676 1216 1779 pulcritudinem.
1270 1675 1410 1751 Veritas
1444 1692 1565 1750 autem
1592 1679 1669 1785 illa,
1701 1696 1744 1756 ut
1769 1687 1897 1784 paucis

293 1807 451 1898 dicatur,
490 1835 530 1880 ea
555 1820 620 1898 est,
646 1831 742 1905 quae
768 1801 817 1874 ad
843 1802 953 1872 animi
980 1799 1078 1900 leges
1102 1797 1478 1872 accommodatissima
1503 1802 1550 1873 sit
1579 1827 1702 1903 neque
1729 1830 1895 1906 unquam

290 1929 426 2001 mutari
448 1926 579 2028 possit;
610 1919 825 2024 pulcritudo
845 1921 941 2011 talis,
971 1948 1066 2021 quae
1087 1935 1258 1993 externae
1283 1916 1426 1989 formae
1454 1920 1682 2019 perfectione
1709 1942 1893 2002 cernatur.

290 2046 401 2121 Unde
428 2044 480 2137 fit,
508 2044 703 2118 ut'ambae
730 2043 885 2114 interae
913 2041 1097 2142 segregari
1131 2063 1207 2110 non
1234 2051 1384 2135 queant,
1419 2014 1699 2137 cum'baheant,
1725 2072 1803 2148 quo
1830 2074 1895 2120 ne·

291 2172 450 2257 etantur,
477 2182 587 2267 atque
613 2167 651 2237 in
676 2161 960 2262 contemplando
984 2156 1200 2258 conjunctae
1226 2174 1439 2258 appareant.
1491 2152 1728 2241 Sunt'autem
1751 2167 1892 2274 speeies

292 2285 487 2388 quaedam,
515 2311 609 2385 (quae
633 2287 800 2356 omnium
825 2285 861 2355 in
887 2283 1071 2355 mentibus
1094 2279 1287 2367 insideant,
1311 2276 1483 2380 quaeque
1511 2283 1680 2358 inreb'ns
1705 2283 1755 2393 ad
1772 2288 1895 2359 artem

291 2407 467 2510 perfectis
493 2406 670 2479 eluceant.
722 2403 796 2479 Sed
828 2417 870 2475 ut
899 2401 1105 2490 redeamus,
1137 2399 1239 2471 unde
1272 2398 1503 2476 defleximus:
1532 2403 1667 2477 habent
1690 2402 1914 2479 illamedii'

292 2524 436 2629 generis
456 2541 695 2599 monumenta
717 2525 878 2598 veritatis
900 2548 941 2595 ac
964 2519 1231 2623 pulcritudinis
1255 2520 1366 2620 leges,
1401 2549 1491 2623 quas
1517 2524 1694 2626 admirari
1720 2525 1891 2605 solemus.

293 2647 408 2745 Quod
426 2675 539 2747 supra
561 2648 768 2739 docuimus,
791 2647 1026 2720 contentione
1048 2641 1209 2743 quadam
1230 2657 1265 2714 et
1286 2648 1560 2745 comparatione
1579 2646 1687 2737 facta,
1705 2649 1892 2750 antiquam

292 2766 523 2842 comoediam
552 2768 669 2841 multa
690 2770 896 2855 continere,
932 2790 1028 2864 quae
1052 2763 1100 2836 ad
1124 2761 1356 2862 tragoediam·
1377 2760 1563 2859 accedant,
1599 2764 1640 2841 id
1664 2769 1822 2841 maxime
1843 2767 1889 2842 ad

283 2888 456 2963 medium
481 2912 594 2987 genus
622 2889 809 2985 pertinere
830 2872 1014 2971 videatur,
1047 2880 1152 2982 quod
1178 2886 1280 2980 quasi
1309 2888 1471 2984 positum
1496 2892 1543 2963 sit
1563 2891 1659 2963 inter
1683 2890 1892 2991 tragoediae

291 3007 505 3106 gravitatem
549 3017 585 3075 et
623 3005 762 3103 antiqui
796 3002 939 3102 generis
971 3003 1236 3078 amarulentam
1266 3005 1505 3080 dicacitatem.
1558 3007 1674 3105 Quod
1701 3038 1746 3085 eo
1778 3015 1891 3114 magis
1931 3010 1935 3023 ’

291 3125 532 3224 intelligetur,
552 3125 580 3195 si
603 3120 972 3212 consideraverimus,
987 3127 1125 3198 omissa
1146 3125 1339 3226 republica
1354 3127 1504 3227 vitaque
1524 3133 1726 3223 communi,
1740 3156 1890 3206 omnem

292 3245 445 3322 ludendi
472 3245 624 3333 sontem,
646 3271 758 3345 quem
780 3246 924 3345 aperire
952 3229 1101 3336 liceret,
1119 3248 1157 3318 in
1182 3245 1338 3347 parodia
1364 3248 1580 3338 constitisse,
1602 3248 1637 3321 h.
1656 3277 1688 3322 e.
1715 3251 1754 3323 i'n
1776 3254 1889 3326 serio-
1962 3285 1965 3294 ·

290 3397 375 3443 rum
401 3370 608 3441 carminum
629 3366 824 3439 derisione.
878 3363 963 3457 Qua
989 3367 1027 3435 in
1054 3392 1095 3435 re
1122 3367 1185 3465 qui
1212 3367 1374 3467 palmam
1400 3369 1568 3468 accipere
1591 3351 1806 3464 ioluerunt,
1838 3371 1889 3445 eis

290 3492 440 3565 omnino
479 3515 572 3588 opus
610 3503 700 3601 crat
717 3487 934 3560 facetiarum
972 3482 1213 3556 multitudine
1247 3488 1462 3588 ingeniique
1492 3493 1676 3565 acumine.
1726 3492 1803 3566 Nec
1825 3488 1889 3564 ba-

288 3614 452 3686 buissent
477 3624 605 3711 poetae
635 3607 789 3680 ludendi
817 3606 937 3678 ullum
961 3620 1234 3704 argumentum,
1261 3609 1331 3682 nisi
1358 3611 1397 3682 in
1423 3610 1491 3684 ha'c
1516 3639 1558 3684 re
1582 3611 1723 3686 versari
1747 3613 1889 3712 potuis-

287 3745 379 3819 sent,
420 3756 513 3828 quae
539 3728 694 3827 quidem
719 3725 812 3798 adeo
833 3725 982 3825 copiosa
1009 3743 1113 3819 esset,
1138 3738 1181 3801 ut
1206 3755 1354 3830 semper
1380 3730 1587 3829 praeberet,
1614 3730 1721 3832 quod
1739 3735 1889 3806 tractari

287 3865 417 3954 posset.
470 3851 555 3942 Quo
582 3849 740 3920 maxime
767 3859 889 3917 autem
917 3848 956 3919 in
981 3849 1104 3924 studio
1130 3849 1405 3950 adjuvebantur
1429 3866 1571 3950 poetae,
1600 3875 1727 3924 omnes
1752 3852 1891 3926 artium

287 3975 532 4072 ingenuarum
559 3982 633 4038 tum
657 3971 766 4069 periti
794 3983 910 4060 erant,
937 3983 978 4042 ut
1002 3997 1047 4043 ex
1069 3973 1220 4070 tragicis
1243 3973 1307 4043 vix
1332 3972 1495 4070 proponi
1521 3986 1657 4071 posset,
1681 3971 1789 4072 quod
1811 3999 1889 4047 nou

287 4103 581 4189 assequerentur.
634 4090 749 4187 Quod
770 4092 882 4189 igitur
907 4104 942 4162 et
967 4091 1078 4191 quale
1102 4091 1216 4165 suerit
1238 4092 1504 4167 sententiarum
1522 4118 1652 4192 genus,
1673 4116 1751 4192 quo
1770 4093 1903 4193 medii⁸

286 4224 493 4298 uterentur,
518 4208 564 4281 de
588 4234 632 4281 eo
657 4210 792 4310 ambigi
816 4237 892 4283 non
909 4226 1041 4311 potest,
1069 4236 1154 4283 cum
1179 4211 1337 4283 inomni
1360 4238 1401 4283 re
1427 4225 1538 4311 atque
1563 4212 1601 4283 in
1627 4214 1798 4297 moribus
1822 4215 1889 4307 deff

284 4332 431 4430 scriptis
467 4329 710 4428 personisque
752 4328 942 4403 delineatis
977 4328 1152 4402 festivitas
1183 4331 1248 4404 illa
1280 4348 1465 4434 appareat.
1524 4331 1599 4407 Sed
1631 4348 1673 4407 ut
1703 4337 1888 4412 nonnulla

286 4448 455 4548 exempla
479 4446 692 4535 afferantur,
727 4450 879 4546 quibus,
914 4449 1019 4549 quod
1045 4451 1231 4544 volumus,
1268 4455 1467 4556 probetur:
1494 4458 1703 4555 comparari
1728 4475 1887 4558 possunt

287 4571 455 4646 Cariouis
481 4564 607 4659 verba,
640 4566 779 4669 quibus
802 4571 832 4644 is
857 4569 904 4646 de
931 4588 1030 4648 sorte
1052 4601 1118 4651 sua
1141 4578 1388 4678 conqueritur
1410 4591 1521 4680 atque
1546 4576 1661 4671 dolet,
1685 4578 1793 4679 quod
1815 4578 1884 4656 do-
