4364 5536
818 543 875 562 ..,
930 502 958 589 7
1010 532 1068 556 ...-

695 668 696 671 ¹
922 716 1020 828 L»

461 883 626 1003 'Quid
669 885 746 969 sit
786 879 1091 992 comoedia
1130 882 1420 967 universa.

181 1157 186 1160 -
241 1107 396 1195 Eorum,
418 1130 514 1206 quae
538 1107 577 1179 in
596 1100 835 1205 philosophia
854 1103 1037 1202 etgravia
1059 1117 1095 1174 et
1128 1099 1234 1174 utilia
1258 1100 1442 1204 disputata
1461 1119 1559 1195 sunt,
1580 1111 1747 1184 omnium
1804 1104 1806 1106 ¹

48 1220 53 1229 ’
143 1227 313 1301 latissime
338 1241 466 1327 patent
489 1252 544 1314 ea,
569 1251 665 1325 quae
691 1224 738 1297 de
764 1227 901 1304 artium
925 1227 962 1297 vi
996 1250 1038 1301 ac
1063 1238 1240 1325 potestate
1261 1225 1473 1298 traduntur.
1524 1229 1592 1301 Est
1612 1246 1748 1304 *autem
1871 1289 1874 1300 .
1973 1206 1977 1215 .

144 1347 249 1447 quod
275 1348 426 1422 differat
449 1349 603 1421 omnino
626 1347 722 1418 inter
747 1360 885 1418 ceteras
910 1360 1020 1436 artes,
1043 1371 1138 1445 quae
1165 1349 1276 1419 animi
1307 1348 1517 1423 oblectandi
1532 1342 1669 1425 'caussa
1693 1353 1747 1425 in·

141 1485 270 1542 ventae
288 1442 379 1557 ⁸esse
404 1471 592 1545 dicuntur.
644 1466 820 1562 Quaestio
851 1466 950 1556 enim
982 1469 1076 1539 oriri
1111 1467 1235 1565 dehet,
1261 1495 1336 1567 qua
1359 1471 1462 1543 nulla
1489 1466 1768 1572 gravior‘esse,

32 1598 44 1612 “
141 1605 264 1691 potest
292 1607 328 1666 et
353 1591 560 1684 difficilior,
585 1616 662 1693 quo
688 1585 886 1662 referenda
910 1587 1032 1686 poesis
1056 1587 1115 1677 sit,
1140 1613 1236 1688 quae
1263 1605 1299 1661 et
1323 1609 1629 1689 argumentorum
1651 1594 1747 1666 mul-
1843 1657 1846 1660 ,

141 1711 302 1785 titudine
326 1740 368 1788 ac
395 1717 580 1803 varietate,
607 1725 643 1784 et
672 1711 900 1784 tractationis
926 1701 1137 1781 diversitate¹
1163 1734 1205 1781 ac
1229 1706 1532 1807 dissimilitudine
1557 1716 1655 1788 inter
1691 1738 1747 1786 ce·
1860 1743 1864 1749 2

141 1847 238 1906 teras
267 1850 362 1908 artes
389 1835 498 1934 longe
526 1834 691 1907 excellat.
744 1829 940 1932 Quicquid
965 1844 1103 1903 ⁴autem
1136 1833 1220 1921 erit,
1247 1833 1287 1903 in
1310 1857 1387 1932 quo
1423 1832 1596 1906 nonnulli
1619 1835 1749 1933 poesin

143 1954 337 2027 contineri
369 1956 613 2046 arbitrantur,
646 1957 724 2029 sive
764 1970 897 2044 metro,
937 1954 1015 2026 sive
1048 1954 1262 2043 imitatione,
1293 1956 1371 2027 sive
1398 1952 1559 2044 fictione,
1585 1953 1748 2054 denique

145 2075 312 2148 oratione
335 2075 383 2148 ad
403 2079 544 2151 animos
566 2076 855 2168 commovendos
880 2073 1168 2164 accommodata,
1194 2088 1280 2147 sunt
1303 2075 1507 2148 nonnullae
1531 2073 1749 2175 disciplinae
1779 2161 1783 2177 ι

144 2196 247 2288 tales,
290 2214 344 2288 ut,
387 2202 589 2301 propositis
627 2202 729 2272 artie
751 2197 1067 2298 linibus,zpoesin
1102 2221 1249 2268 omnem
1289 2211 1513 2296 pervertant.
1565 2198 1748 2295 Numqui
1819 2259 1827 2266 .

142 2320 273 2415 poesin
299 2320 349 2390 ita
390 2321 558 2411 instituit,
585 2336 627 2394 ut
658 2319 752 2394 nihil
780 2319 912 2392 habeat
934 2345 1021 2392 cum
1045 2331 1135 2407 arte,
1156 2323 1252 2418 quac
1279 2314 1349 2390 huc
1369 2321 1519 2390 nomine
1546 2317 1660 2418 digna
1692 2318 1751 2406 sit,

143 2433 398 2531 conjunctum,
425 2442 471 2530 is,
497 2443 526 2512 si
552 2440 623 2513 sibi
650 2443 728 2539 ipse
760 2439 976 2527 consentiat,
1013 2462 1157 2510 avaro·
1185 2438 1338 2511 omnino
1374 2432 1549 2511 aberrare
1589 2437 1750 2512 debebit.

144 2551 266 2652 Ipsius
295 2556 408 2650 igitur
425 2555 648 2644 Aristotelis,
673 2563 805 2629 summi
831 2555 1060 2655 philosophi,
1090 2557 1290 2655 disputatio
1310 2553 1406 2652 justa
1426 2585 1502 2631 esse
1522 2575 1621 2653 certe
1644 2559 1752 2632 nullo
1795 2586 1801 2593 ·

143 2671 258 2745 modo
281 2687 414 2771 potest,
441 2675 508 2770 qui
537 2674 575 2742 in
611 2675 813 2742 imitatione
837 2674 969 2767 poesin
998 2676 1156 2766 positam
1191 2697 1268 2743 esse
1290 2674 1652 2770 (liceret,'quoniam
1676 2703 1751 2768 eos,

145 2795 213 2894 qui
253 2791 400 2892 aliquid
426 2805 589 2892 agerent,
620 2805 750 2891 poetae
779 2781 914 2862 imitari
943 2788 975 2858 ei
1004 2785 1239 2860 videbantur.
1262 2787 1292 2844 ¹¹·
1343 2785 1459 2881 Quod
1483 2817 1569 2866 cum
1604 2796 1653 2869 ita
1683 2784 1753 2871 s'ta-

143 2917 283 3006 tuisset,
302 2914 411 2987 facile
436 2913 572 2988 adduci
599 2915 735 3015 potuit,
768 2925 809 2984 ut
828 2907 1020 3008 duplicem
1040 2906 1261 2982 dramaticae
1280 2912 1432 3011 poeseos
1455 2916 1636 3009 rationem
1655 2918 1752 2991 inire

145 3037 270 3125 vellet,
295 3062 370 3136 qua
395 3035 449 3127 id,
475 3035 582 3138 quod
607 3031 842 3134 significaret,
865 3030 1051 3130 explicare
1076 3047 1210 3130 posset.
1263 3035 1358 3106 Sunt
1394 3034 1506 3122 enim,
1540 3048 1584 3107 ut
1608 3031 1752 3134 judica-

59 3220 71 3243 ,
144 3159 222 3249 bat,
246 3157 524 3259 homines,‘qui
552 3156 698 3257 aliquid
729 3168 849 3256 agant,
873 3152 935 3224 alii
962 3151 1099 3248 similes
1134 3175 1278 3244 eorum,
1303 3153 1431 3254 quales
1455 3154 1630 3255 plerique
1655 3175 1754 3251 stant,

148 3282 209 3354 alii
230 3280 426 3374 meliores,
464 3281 527 3351 alii
555 3278 777 3367 deteriores;
818 3270 1068 3373 hincquelit,
1108 3286 1149 3342 ut
1184 3298 1334 3377 eorum,
1371 3276 1643 3373 qui.·meliores
1666 3282 1766 3368 sint,'

102 3412 105 3417 ’
149 3404 301 3475 imitatio
334 3400 524 3500 tragoedia
561 3396 730 3471 habenda
755 3396 814 3484 sit,
841 3417 972 3465 eorum
996 3417 1099 3480 vero,
1129 3392 1194 3490 qui
1228 3391 1444 3485 deteriores,
1475 3395 1686 3471 comoedia:
1725 3421 1753 3471 2·

61 3568 68 3578 ·
150 3522 183 3586 ἐν
201 3526 241 3606 τῇ
261 3519 344 3603 αυ’τῇ
363 3518 397 3579 δὲ
419 3517 562 3599 διαφορᾷ
583 3506 638 3577 iat
656 3513 675 3598 ἦ
697 3509 857 3598 τραγῳδῶ
876 3508 957 3596 πρός
976 3506 1035 3592 τήν
1051 3506 1219 3594 κωμῳδῶν
1236 3510 1378 3593 dedentes
1393 3508 1438 3593 ἢ
1455 3513 1514 3592 μὲν
1533 3509 1595 3598 γάρ
1612 3513 1753 3600 χείρους,

68 3637 74 3657 “
124 3632 226 3723 ιἢδὲ
244 3630 370 3714 deinde
387 3634 560 3710 μιμεῖσθαι
580 3625 713 3710 βόλεται
739 3631 805 3690 ταῖν
834 3629 902 3690 νῦν·
950 3615 1079 3716 Neque
1113 3605 1240 3715 postea
1265 3612 1479 3708 defuerunt,
1520 3622 1585 3720 qul
1612 3622 1754 3698 Aristo-

149 3741 260 3813 telem
285 3741 324 3811 in
350 3736 580 3837 explicandis
605 3758 758 3836 poeseos
774 3733 973 3833 generibus
993 3751 1259 3834 sequerentur3
1285 3763 1449 3835 quorum
1470 3741 1510 3832 in
1531 3724 1700 3817 numero
1713 3749 1752 3819 in

151 3861 279 3960 primis
303 3858 482 3929 Battcsius
507 3854 635 3928 haberi
659 3854 782 3943 debet,
804 3856 870 3954 qui
894 3856 936 3926 in·
954 3853 1226 3953 distinguendis
1247 3854 1473 3931 carminibus
1506 3858 1618 3937 talem
1643 3863 1752 3941 disci.

33 4015 38 4021 ·
150 3982 293 4082 plinam
322 3993 567 4080 proponeret,
605 3977 727 4077 qualis
755 3977 820 4048 vix
856 3975 948 4049 ferri
985 3978 1110 4072 possit.
1176 3975 1338 4067 Omissa,
1372 3963 1478 4077 quod
1520 3981 1583 4054 alii
1623 3986 1752 4085 plures
1822 4019 1825 4024 ¹

152 4100 306 4175 eandem
343 4102 442 4172 viam
469 4094 613 4196 ingredi
649 4094 863 4187 voluerunt,
904 4091 981 4199 qua
1017 4113 1094 4172 tota
1115 4094 1336 4191 „definiendi
1369 4102 1463 4173 ratio
1494 4084 1555 4173 vel
1593 4109 1752 4182 maxime

154 4223 378 4322 implicetur,
402 4244 599 4321 pergamus
624 4206 674 4291 ad
696 4220 914 4309 institutum,
935 4233 976 4290 ut
995 4215 1235 4318 significetur,
1256 4221 1375 4321 qualis
1395 4223 1589 4298 universae
1606 4252 1752 4303 comoe-

126 4343 237 4418 ‘diae
261 4357 405 4431 natura,
431 4340 540 4412 nobis
567 4366 643 4414 esse
667 4341 849 4415 rideatur.
911 4337 1054 4441 Attigit,
1088 4354 1129 4412 ut
1166 4336 1238 4413 hoc
1261 4358 1559 4439 praemoneatur,
1596 4349 1768 4425 eandem'

244 4616 268 4674 1.
289 4614 416 4676 Aristot.
437 4616 492 4675 Ars
513 4623 596 4697 poet
615 4614 637 4673 l.
655 4610 684 4672 2.
770 4612 797 4670 2.
816 4607 893 4670 lbid.
916 4610 949 4670 ll.
973 4604 1004 4665 l.
