4364 5536
289 703 393 810 esset,
418 718 664 819 Epicharmus
688 713 814 789 adres
839 741 877 789 se
900 715 1058 789 contulit
1079 711 1298 803 tractandas,
1317 735 1489 812 quaerere
1498 711 1735 817 Mythologia
1752 722 1886 820 petitae
1960 712 1964 717 ¹

285 840 381 940 nihil
406 843 659 929 continerent,
682 863 759 938 quo
786 836 1030 930 offenderent,
1042 840 1257 910 universos
1270 842 1365 906 reio
1390 828 1578 908 'delectare
1581 855 1767 937 possent.
1804 844 1889 917 Jam

272 989 332 1036 eo
321 960 625 1079 progredimur
643 975 683 1033 ut
689 958 819 1034 verbo
837 951 1015 1048 dicamus,
1030 945 1195 1031 multos
1186 986 1224 1030 ιιι
1244 943 1352 1040 hdc
1335 948 1469 1055 genere
1489 956 1711 1056 explicando
1732 988 1890 1055 errasse,
1982 1031 1986 1037 .

158 1144 163 1158 .
288 1059 475 1193 siquidem
500 1072 562 1153 aut
587 1082 706 1155 simile
732 1086 795 1155 aut
820 1082 921 1157 idem
945 1080 1115 1167 fecerint,
1135 1072 1243 1176 quod
1269 1076 1407 1149 drar'na
1403 1080 1636 1178 satyricum
1649 1080 1752 1181 apud
1774 1060 1887 1158 Athe·
1947 1159 1953 1167 ,

288 1205 431 1275 nienses
454 1201 568 1281 fuisse
593 1202 917 1305 perhibeatur.
858 1204 904 1263 ²¹·
955 1202 1036 1271 Hoc
1062 1197 1161 1269 enim
1187 1197 1296 1298 quale
1322 1197 1451 1290 fuerit,
1477 1224 1522 1271 ex
1513 1197 1711 1309 Cyclope
1736 1194 1894 1306 Ειιιίρί-ΔΙ

288 1308 359 1398 deo
384 1323 596 1427 diligentius
622 1349 774 1399 excusso
799 1320 907 1394 facile
932 1320 1168 1419 perspicitur
1218 1317 1534 1427 Argumentum
1517 1335 1570 1394 est
1595 1348 1641 1400 ex
1664 1347 1754 1435 aero
1767 1314 1892 1405 hero-

290 1471 354 1547 um
377 1449 556 1547 petitum;
602 1447 697 1521 seria
719 1459 805 1519 sunt
823 1443 937 1516 mixta
957 1458 1043 1513 cum
1062 1437 1151 1511 ludo
1172 1452 1207 1511 et
1225 1434 1322 1537 joco,
1349 1436 1453 1510 chori
1475 1454 1598 1539 partes
1618 1417 1780 1551 tributae
1798 1463 1887 1521 sunt

264 1540 426 1681 ,Satyris
462 1565 693 1667 Polyphemo
722 1562 878 1662 Cyclopi
905 1544 1162 1634 servientibus.
1213 1561 1335 1634 Fuit
1325 1562 1440 1659 rgitur
1464 1558 1594 1635 fabula
1622 1540 1794 1669 satyrica,
1835 1582 1889 1660 ut,

287 1676 407 1789 qualis
430 1687 556 1776 fuerit,
581 1684 801 1785 explicetur,
825 1704 977 1754 carmen
1002 1677 1256 1772 dramaticum,
1283 1678 1389 1780 quod
1413 1675 1630 1805 a'rgur'r‘renta
1652 1678 1835 1827 hauriret
1841 1686 1888 1762 ex'

286 1808 438 1882 historia
463 1807 585 1878 aetatis
596 1799 791 1903 mythicae
816 1801 876 1875 vel
901 1800 1094 1919 heroicae,
1112 1787 1286 1873 oratione
1302 1811 1470 1872 uteretur
1493 1800 1633 1902 partim
1641 1778 1775 1916 greiti,
1770 1798 1893 1935 par-¹
1988 1827 1990 1834 ·

286 1928 353 2003 tim
373 1925 515 2025 jocosa,
533 1938 576 1997 ut
592 1938 718 2026 saepe
723 1921 1000 1999 difficillimum
1007 1923 1054 1995 sit
1050 1899 1282 2020 dijudicare
1295 1902 1476 2018 singulos
1491 1902 1787 2033 fragmentorum
1806 1953 1890 2003 ver.

287 2054 362 2137 sus,
400 2060 528 2118 utrum
540 2047 762 2162 pertineant
796 2043 844 2118 ad
877 2015 1117 2145 tragoediam,
1159 2069 1207 2114 an
1233 2040 1282 2114 ad
1306 2039 1437 2114 drama
1463 2040 1675 2157 satyricum.
1727 2047 1889 2124 Parodia

290 2193 380 2269 tero
400 2168 437 2241 in
459 2190 502 2239 eo
523 2166 680 2239 maxime
700 2166 874 2256 constitit,
897 2161 1001 2266 quod
1016 2161 1127 2262 satyri
1147 2162 1329 2261 protervi,
1350 2150 1507 2254 feroces,
1533 2150 1723 2244 deformes
1745 2185 1782 2243 et
1799 2195 1889 2273 pro-

289 2311 389 2359 caces
416 2288 588 2381 (ὑβρισταί)
615 2283 901 2377 inducebantur,
928 2283 1085 2357 chorum
1109 2288 1287 2383 agentes3'
1297 2309 1386 2385 quo
1410 2283 1553 2357 facilius
1581 2282 1661 2356 fieri
1684 2291 1852 2388 potuit,
1848 2288 1891 2386 ut

287 2403 423 2477 sabulis
449 2405 564 2477 multa
582 2402 743 2478 ridicula
760 2405 1076 2497 immiscerentur,
1102 2430 1273 2503 necnon
1298 2404 1393 2480 seria
1418 2403 1573 2480 ludicris
1599 2403 1775 2506 conjungi
1802 2382 1890 2508 pos-

287 2534 375 2608 sent.
429 2523 544 2625 Quod
566 2525 722 2626 quidem
740 2539 781 2598 ut
801 2551 844 2597 eo
853 2527 1000 2628 certius
1024 2539 1322 2655 assequerentur,
1347 2517 1477 2630 poetae
1496 2529 1654 2602 maxime
1674 2526 1888 2633 studebant,

286 2647 462 2748 tragicam
487 2648 784 2721 sublimitatem
775 2675 812 2719 ιιι
841 2623 989 2718 dicendi
1016 2650 1151 2744 genere
1181 2671 1256 2716 non
1278 2644 1392 2717 modo
1419 2673 1581 2735 servare,
1621 2651 1889 2726 verumetiam

291 2793 425 2889 augere
446 2779 483 2836 ot
506 2790 697 2865 superare,
727 2777 767 2835 ut
789 2762 950 2874 ridicula
975 2763 1084 2841 reddi
1111 2779 1267 2864 posset.
1256 2762 1301 2818 ²²·
1351 2760 1413 2834 At
1424 2787 1514 2835 vero
1541 2790 1588 2836 ne
1614 2767 1697 2867 quis
1721 2744 1892 2875 fabdlam

288 2882 484 2988 satyricam
504 2907 590 2956 cum
607 2882 748 2980 tragico
771 2868 905 2982 genere
925 2882 1166 2957 confundere
1176 2883 1278 2975 velit,
1306 2911 1327 2980 a
1353 2866 1430 2985 quo
1455 2884 1607 2956 omnino
1632 2868 1854 2977 differebat
1850 2902 1888 2962 et

290 3000 405 3076 choro
431 2994 584 3104 prorsus
609 2996 802 3102 singulari,
843 3018 879 3078 et
901 3027 946 3075 or
947 3004 1067 3076 atione
1092 2998 1205 3073 modo
1232 3003 1340 3093 seria,
1379 3001 1493 3079 modo
1519 2982 1680 3094 ludicra,
1724 3016 1820 3108 quae
1848 3008 1887 3083 in

185 3173 190 3181 ‹
289 3122 480 3224 tragoedia
504 3150 652 3224 semper
677 3139 768 3198 esset
781 3125 912 3229 'gravis
939 3138 974 3197 et
997 3120 1176 3204 sublimis.
1244 3123 1426 3232 Demque
1443 3120 1562 3195 multo
1589 3126 1702 3224 magis
1731 3122 1828 3233 iriter
1850 3158 1889 3206 se

291 3236 504 3344 discrepant
523 3247 560 3318 in
577 3270 633 3337 eo,
648 3241 753 3345 quod
772 3243 915 3350 assequi
937 3258 1065 3345 poetae
1081 3242 1213 3339 solent,
1227 3269 1315 3340 cum
1327 3246 1456 3346 tragici
1475 3270 1552 3318 non
1564 3247 1635 3319 nisi
1650 3245 1691 3349 id
1709 3264 1888 3350 spectent,

288 3379 491 3458 uteorum,
526 3369 591 3468 qui
618 3366 781 3456 audiant,
808 3364 948 3437 animos
977 3388 1222 3498 sensusque
1196 3361 1366 3437 {afficiant
1390 3360 1501 3468 atq'ue
1527 3356 1689 3468 graviter
1716 3354 1888 3469 ehcilent,

191 3539 193 3543 «
289 3485 415 3583 fabula
456 3510 547 3577 vero
572 3484 745 3581 satyrica
787 3481 851 3585 id
857 3490 963 3580 agat,
1014 3494 1056 3553 ut
1087 3481 1117 3553 si
1152 3507 1228 3554 non
1262 3486 1437 3599 castigare
1472 3510 1611 3578 mores,
1661 3505 1783 3567 tamen
1821 3512 1888 3568 re's

291 3574 466 3679 ridiculas
497 3626 710 3706 proponere
736 3603 861 3703 possit.
914 3602 1043 3705 Neque
1076 3628 1166 3674 vero
1200 3593 1353 3679 difficile
1386 3608 1456 3680 erit
1492 3607 1682 3719 expeditu,
1714 3600 1918 3722 quaesit

189 3785 193 3791 .
290 3728 396 3825 ratio,
431 3752 505 3827 qua
529 3721 837 3823 distinguendae
860 3721 1052 3797 comoedia
1075 3723 1150 3814 sit,
1159 3725 1336 3825 quoniam
1356 3700 1553 3800 'multum
1540 3726 1722 3828 luteresse
1744 3708 1891 3810 dixeris
1936 3741 1938 3744 ’
1977 3810 1980 3817 .

292 3857 327 3918 et
349 3845 473 3918 choro
492 3857 528 3918 et
549 3845 722 3918 varietate
749 3840 937 3933 dictionis,
970 3857 1006 3915 et
1028 3839 1168 3942 majore
1191 3844 1367 3947 dignitate
1391 3862 1504 3948 atque
1528 3832 1764 3952 praestantia.
1759 3848 1885 3973 argu·
1933 3952 1935 3956 ἢ

291 3967 414 4040 menti.
426 3966 471 4023 ²³·
523 3963 668 4060 Quodsi
695 3942 804 4038 etiam
836 3962 932 4053 illud
959 3962 1144 4055 addimus,
1179 3958 1286 4063 quod
1310 3977 1409 4070 recte
1434 3967 1522 4042 addi
1534 3986 1684 4073 potest,
1723 3974 1789 4073 qui
1816 3977 1891 4049 sint

293 4081 575 4217 constituendi
566 4112 604 4158 m
625 4083 762 4160 fabulis
783 4084 949 4186 satyricis
970 4081 1061 4162 fines
1083 4093 1130 4158 et
1141 4087 1245 4219 quasi
1270 4066 1432 4193 termini,
1461 4115 1538 4163 non
1564 4090 1753 4221 habemus,
1782 4094 1894 4199 quod

296 4280 577 4296 -Μ

356 4306 361 4317 t
553 4308 555 4313 ,

268 4452 269 4455 ,
344 4378 420 4454 2¹.
440 4397 612 4459 Muellerss
603 4422 635 4460 ιιι
657 4401 738 4463 libro
758 4422 823 4462 suo.
843 4423 911 4485 pag.
904 4397 994 4463 ,354
1014 4401 1096 4463 conf.
1111 4401 1245 4483 Boettig.
1267 4367 1374 4480 &been
1395 4426 1462 4488 pag
1482 4407 1553 4467 ΧΧ.
1615 4410 1674 4460 22
1703 4411 1792 4469 Cous
1810 4412 1892 4474 Nae-
1939 4405 1942 4408 ’

491 4486 579 4561 lriuin
601 4504 640 4564 ad
660 4503 849 4581 Choerilum,
875 4527 945 4587 pag
964 4502 1031 4567 189.
1133 4503 1178 4562 2³.
1199 4505 1286 4565 Coal’.
1308 4509 1330 4567 l
1352 4507 1389 4565 G.
1410 4509 1521 4572 Buhlc.
1544 4511 1700 4591 Disputat.
1721 4512 1776 4575 de
1774 4515 1893 4575 fabula

492 4597 637 4697 satyrica.
663 4628 734 4689 pag.
756 4600 803 4668 14.
827 4616 859 4668 et
877 4606 1006 4703 orasti,
1026 4606 1156 4687 tttsua
1176 4621 1210 4689 ιιι
1222 4607 1338 4689 ..ttttm
1357 4613 1401 4683 Θ.
1422 4611 1480 4677 23..
1554 4654 1575 4674 ,ι
