4364 5536
929 427 1238 553 -7164-

290 681 443 743 tarum
467 681 646 738 amores
677 655 964 759 complexas,
996 669 1163 758 arguta
1195 657 1432 734 brevitate
1456 662 1638 750 ἰάμβους
1661 665 1901 741 detraham

291 783 681 879 κορέιήςᾶρπαγας
720 793 867 853 vocat.
931 774 1117 855 Nullam
1158 789 1311 850 tomen
1352 805 1405 852 ex
1447 791 1579 852 tanta
1620 778 1902 893 fabularum

291 900 601 983 multitudine
624 898 851 1001 turpibus
876 912 918 972 et
941 897 1137 971 illicitis
1162 898 1436 973 amoribus
1426 903 1794 1009 inquinaverat,
1814 888 1903 983 sed

292 1029 357 1103 ita
380 1048 538 1099 omnes
562 1021 866 1108 instituerat,
900 1031 951 1091 ut
985 1018 1113 1115 ipsae
1145 998 1259 1093 illae
1290 1019 1531 1120 virginum
1560 1022 1901 1122 stuprationes
1926 1028 1947 1083 -’

292 1148 338 1221 in
363 1143 579 1244 legitima
603 1138 845 1214 connubia
869 1150 1188 1210 verterentur.

391 1382 631 1483 Quamquam
658 1379 772 1479 igitur
795 1378 861 1451 toti
887 1373 1101 1454 comoediae
1127 1381 1268 1481 generi,
1307 1380 1412 1483 quod
1437 1376 1607 1469 dicimus,
1641 1380 1762 1484 major
1786 1410 1901 1489 quae·

172 1536 184 1549 ·
291 1507 379 1583 dam
400 1503 617 1578 universitas
638 1496 762 1575 danda
784 1511 850 1588 est,
877 1524 951 1633 qua
971 1524 1127 1571 acumen
1148 1515 1184 1573 et
1207 1498 1388 1575 subtilitas
1414 1498 1612 1577 efficiatur.
1637 1519 1760 1579 tamen
1781 1508 1900 1587 altera
1946 1580 1955 1601 .,

291 1652 337 1701 ex
355 1637 461 1727 parte
479 1618 659 1721 jacturam
674 1619 813 1701 fecit
778 1619 916 1719 vigoris
936 1634 971 1691 et
990 1620 1217 1720 petulantiae
1238 1624 1467 1721 omninoque
1484 1621 1577 1722 ejus,
1598 1625 1636 1697 in
1657 1652 1735 1726 quo
1754 1654 1901 1707 summa

289 1742 502 1823 comoediae
525 1744 644 1816 virtus
668 1742 846 1832 consistit,
867 1755 915 1837 ‚ut
939 1741 1162 1834 ostenderet,
1196 1740 1291 1844 quid
1317 1742 1413 1815 vitae
1439 1741 1619 1818 humanae
1643 1751 1805 1825 maxime
1830 1778 1899 1855 op-

288 1869 454 1972 positum
481 1879 583 1940 esset
647 1861 733 1959 Qua
761 1888 807 1936 ex
837 1888 880 1935 re
913 1861 1105 1977 elucebit,¹
1126 1879 1251 1966 poetas
1287 1863 1327 1937 id
1362 1863 1593 1962 potissimum
1624 1884 1768 1972 secutos
1803 1899 1898 1967 esse,
1920 1914 1931 1933 -·

252 2046 258 2058 ,
288 2006 332 2066 ut
356 2015 451 2093 quae
475 1989 685 2078 amiserant,
726 2011 769 2058 ea
793 1984 873 2057 aliis
896 1983 1008 2058 rebus
1034 1986 1227 2076 sarcirent,
1266 2009 1311 2056 ex
1332 2006 1409 2083 quo
1434 2007 1570 2082 genere
1596 2001 1683 2061 sunt
1703 2005 1816 2069 status
1839 1996 1897 2071 in.

287 2112 444 2216 opinati,
469 2111 630 2185 actiones
654 2107 771 2182 multa
794 2132 880 2181 cum
905 2115 983 2179 a'rte
1007 2105 1203 2193 institutae,
1232 2102 1395 2205 denique
1420 2130 1614 2206 personae,
1641 2126 1736 2209 quae
1756 2140 1828 2212 per
1850 2140 1893 2187 se

287 2233 450 2311 multum
470 2228 609 2307 ludicri
630 2226 776 2301 habent.
831 2225 1021 2322 Quoniam
1049 2240 1173 2300 autem
1199 2227 1318 2298 oratio
1345 2241 1472 2300 nostra
1498 2227 1545 2301 ad
1566 2254 1810 2370 personarum
1830 2260 1897 2309 ra-

286 2358 426 2432 tionem
449 2352 634 2454 perducta
664 2364 729 2440 est,
768 2348 973 2440 videamus,
1013 2374 1108 2449 quae
1141 2346 1269 2421 induci
1303 2348 1458 2442 soleant,
1494 2377 1652 2453 quarum
1674 2353 1897 2493 praecipuas

210 2522 215 2536 ·
289 2462 451 2550 Ovidius
481 2469 538 2546 his
562 2468 732 2561 versibus
757 2464 967 2568 conjunxit:
984 2468 1031 2529 34·

467 2652 624 2718 Dum
658 2654 752 2731 fallax
793 2676 951 2732 servus,
946 2655 1059 2716 durus
1099 2665 1209 2741 pater,
1251 2658 1395 2741 improba
1436 2662 1508 2724 lena

531 2760 667 2837 Vivent,
709 2758 786 2819 dum
826 2759 977 2853 meretrix
1019 2758 1151 2836 blanda,
1191 2762 1383 2827 Menandros
1423 2767 1495 2827 erit.

287 2946 363 3027 Sed
387 2957 429 3019 ut
452 2937 667 3041 explicatius
699 2938 807 3012 etiam
833 2939 880 3013 de
903 2966 1150 3041 personarum
1177 2964 1312 3039 genere
1335 2940 1495 3038 dicatur,
1522 2945 1598 3049 jam
1621 2936 1790 3051 primurn
1809 2928 1896 3026 alle·

287 3065 451 3145 rendum
479 3074 545 3152 est,
584 3057 690 3162 quod
714 3056 897 3160 Apulcjus
923 3060 1049 3151 tradit,
1060 3061 1107 3119 ³⁵·
1134 3063 1199 3162 qui
1223 3063 1320 3136 inter
1344 3090 1520 3169 personas
1541 3068 1653 3146 habet
1678 3071 1896 3165 lenonem

286 3186 553 3295 perjurum,
584 3191 835 3254 amatorem
857 3179 1117 3271 fervidum,
1151 3185 1398 3283 servulum
1423 3188 1673 3286 callidum,
1705 3184 1895 3269 amicam
1956 3204 1965 3222 '

287 3307 586 3396 illudentem,
611 3298 820 3374 sodalem
845 3301 1193 3403 opitulatorem,
1218 3306 1415 3380 militem
1437 3312 1795 3411 proeliatorem,
1817 3340 1897 3417 pa·

286 3433 463 3507 rasitos
490 3424 679 3514 edaces,
710 3436 933 3523 parentes
958 3438 1166 3516 tenaces,
1198 3432 1478 3506 meretrices
1501 3459 1739 3534 procaces.
1791 3426 1897 3534 Quae

287 3554 448 3629 comita
475 3548 639 3624 instituta
665 3557 797 3634 essent,
825 3545 944 3618 omnis
970 3546 1069 3617 vitae
1092 3547 1213 3646 imago
1239 3575 1413 3650 expressa
1435 3569 1500 3647 est,
1526 3558 1651 3633 omnia
1675 3556 1819 3650 adres,
1843 3556 1897 3633 af·

286 3677 420 3767 lectus,
441 3693 618 3775 personas
639 3663 916 3740 accommodata
935 3681 1035 3756 sunt,
1058 3694 1153 3768 quae
1175 3694 1219 3740 eo
1239 3676 1354 3772 magis
1376 3676 1526 3776 placere
1547 3676 1698 3770 debent,
1723 3676 1802 3781 quo
1821 3706 1897 3753 ma·

286 3797 348 3898 jor
375 3792 587 3868 inveniendi
616 3789 725 3889 copia
750 3785 836 3859 fuit:
864 3786 912 3860 de
943 3815 1018 3889 quo
1047 3788 1210 3865 conferri
1236 3811 1403 3893 possunt,
1434 3825 1529 3898 (quae
1555 3799 1767 3901 Lessingius
1790 3826 1899 3902 prae·

287 3915 388 3991 clare
414 3911 578 3985 dixit36·
627 3910 753 4012 Atque
781 3906 850 3982 hac
881 3909 921 3981 in
945 3936 987 3982 re
1019 3907 1102 4010 jure
1127 3919 1445 4015 comparationem
1476 3919 1564 3995 fecit
1591 3912 1898 3999 Winkelmonnus

203 4072 207 4082 ·
286 4032 488 4113 Menandri
511 4046 547 4106 et
558 4032 729 4133 Lysippi,
743 4032 789 4089 ³⁷·
818 4057 905 4104 cum
925 4046 1128 4132 utrumque
1154 4034 1335 4111 artificem
1359 4056 1530 4116 naturam
1548 4047 1708 4119 maxime
1731 4056 1898 4119 secutum

287 4159 390 4251 dicit,
414 4184 436 4229 a
461 4182 536 4257 qua
560 4153 700 4254 reliqui
723 4154 838 4254 magis
858 4154 969 4229 alieni
993 4153 1144 4229 suerint.
1196 4154 1375 4252 Quamvis
1401 4178 1524 4240 autem
1544 4166 1651 4241 nulla
1671 4168 1815 4268 integra
1836 4191 1898 4241 ex-

374 4438 421 4501 32.
441 4439 545 4501 Amor.
561 4439 585 4523 l?
605 4436 684 4521 eleg.
706 4435 813 4499 15.17.
891 4438 940 4499 35.
960 4436 1052 4520 Apul.
1069 4438 1154 4500 Flor.
1174 4436 1224 4504 16.
1305 4444 1353 4515 36·
1372 4448 1515 4516 urrant.
1528 4449 1565 4518 ll.
1585 4448 1715 4523 wl
1727 4376 1913 4537 smmi:

484 4540 530 4605 ³⁷.
552 4540 775 4625 tttrtrtovoaa,
797 4538 957 4625 &elotum
977 4543 1030 4610 ter
1049 4542 1153 4625 suat
1187 4545 1245 4630 sst·
1264 4542 1328 4611 Vll·
1362 4550 1407 4619 Θ.
1427 4555 1499 4624 181.
1538 4580 1543 4593 ·
