4364 5536
935 460 1301 567 2-106.-'

612 697 670 760 llle
701 703 788 779 tegat
818 692 983 756 commissa
1013 687 1150 776 deosque
1180 700 1332 773 precetur
1360 700 1395 754 et
1423 701 1504 771 oret,

611 801 660 863 Ut
686 800 797 864 redeat
829 797 958 875 miseris,
991 794 1084 859 abeat
1114 792 1242 856 fertum
1270 792 1422 878 superbis.

287 931 382 1007 Erat
406 943 529 1004 autem
551 930 750 1031 proprium
778 951 914 1002 munus
940 924 1058 1015 chori,
1085 938 1126 997 ut
1150 936 1297 1024 gereret
1315 947 1517 1022 personam
1542 922 1708 1016 civitatis,
1735 948 1821 1007 cnm
1845 952 1896 1005 ex

287 1053 428 1157 populo
448 1051 613 1128 delectus
638 1066 674 1125 et
691 1051 889 1123 instructus
910 1062 1015 1138 esset,
1040 1061 1151 1147 atque
1174 1057 1216 1117 ut
1234 1042 1359 1133 deum,
1392 1042 1451 1117 eui
1473 1040 1555 1116 sesti
1577 1042 1655 1119 dies
1679 1060 1894 1147 agerentur,

267 1172 352 1252 'aut
366 1190 518 1250 cunctos
541 1172 631 1247 deos
653 1169 795 1245 eximiis
809 1164 985 1239 laudibus
1010 1164 1228 1240 celebraret
1279 1163 1346 1238 Est
1372 1162 1486 1263 igitur
1510 1161 1614 1236 chori
1640 1179 1773 1239 natura
1795 1166 1896 1259 talia,

159 1354 164 1361 .
266 1312 330 1381 „ut
353 1295 454 1371 ised
477 1295 636 1370 deorum
660 1291 804 1368 cultum
821 1289 973 1363 omnino
998 1289 1193 1388 pertineat,
1218 1283 1321 1387 quod
1344 1281 1444 1356 idem
1467 1282 1569 1356 valet
1592 1283 1640 1357 de
1663 1289 1896 1365 comicorum

288 1417 443 1510 theatro
495 1413 603 1510 Quae
628 1438 714 1488 cum
738 1412 787 1497 ita
811 1409 897 1498 sint,
920 1407 1162 1508 perspicuum
1187 1419 1261 1507 est,
1279 1428 1393 1506 quam
1423 1406 1623 1506 praecipua
1646 1406 1760 1483 fuerit
1786 1408 1895 1488 fabu-

288 1539 412 1615 larum
437 1563 537 1640 pars,
563 1561 608 1610 eo
637 1533 753 1633 magis
779 1528 999 1617 necessaria,
1027 1551 1103 1626 quo
1133 1524 1279 1625 saepius
1304 1539 1340 1599 et
1366 1521 1531 1600 homines
1562 1543 1599 1603 et
1622 1557 1682 1604 res
1707 1557 1895 1635 propone-

287 1676 430 1750 rentur,
472 1682 567 1760 quae
598 1650 870 1753 rempublicam
903 1647 1133 1744 attingerent
1198 1644 1365 1738 Accedit,
1406 1648 1510 1751 quod
1541 1674 1628 1722 cum
1661 1649 1772 1743 initiis
1805 1656 1895 1729 artis

287 1783 512 1859 dramatieae
543 1791 643 1851 arete
676 1769 894 1871 conjunctus
928 1781 1020 1858 erat,
1055 1780 1097 1840 ut
1124 1767 1324 1843 multitudo
1349 1769 1506 1845 chorum
1533 1770 1664 1844 audire
1690 1774 1802 1874 atque
1819 1773 1892 1848 sal-

287 1906 442 1978 tationes
466 1898 584 1974 oculis
609 1891 835 1991 auribusque
860 1890 1054 1990 percipere
1079 1905 1307 1983 consuesset3
1351 1919 1468 1993 quare
1493 1917 1569 1964 non
1594 1888 1769 1965 audiendi
1794 1907 1894 1986 sunt,

288 2024 353 2124 qui
378 2023 536 2096 otiosum
564 2041 649 2088 eum
673 2012 810 2109 faciant
838 2023 1084 2112 spectatorem
1114 2012 1339 2114 actionisque
1371 2028 1569 2115 expertem.
1627 2009 1745 2108 'Quod
1769 2028 1895 2088 autem

288 2141 423 2217 chorus
447 2135 665 2214 servabatur
689 2153 811 2234 neque
836 2158 1004 2233 unquam
1029 2131 1245 2225 tollebatur,
1280 2132 1320 2222 id
1342 2134 1548 2236 plurimum
1571 2134 1688 2209 valuit
1711 2132 1761 2209 ed
1783 2133 1893 2210 fabu-

288 2264 413 2337 larum
431 2261 647 2336 varietatem
681 2269 791 2356 atque
817 2251 950 2343 effecit,
995 2267 1037 2326 ut
1059 2268 1237 2353 tanquam
1262 2253 1342 2328 ludi
1364 2253 1505 2354 publici
1531 2252 1761 2329 haberentur.
1813 2256 1894 2333 Sed
1945 2320 1951 2325 .

289 2383 442 2480 uberius
473 2380 569 2453 hanc
601 2404 682 2450 rem
714 2373 936 2475 exponendo
962 2371 1071 2473 hujus
1103 2373 1358 2476 disputationis
1387 2370 1478 2447 fines
1504 2374 1775 2453 excederemus.
1826 2380 1893 2455 Sin
1961 2426 1966 2433 .

288 2528 379 2577 vero
404 2501 629 2604 quaerimus,
668 2524 763 2599 quae
788 2497 883 2569 ratio
908 2496 1155 2570 intercesserit
1179 2497 1274 2569 inter
1294 2492 1451 2568 eborum
1478 2508 1515 2567 et
1540 2511 1697 2572 actores:
1728 2496 1894 2577 animum

290 2622 354 2696 ille
380 2621 593 2696 attendebat
622 2618 671 2693 ad
696 2646 751 2710 ea,
785 2643 881 2719 quae
912 2617 960 2689 ab
986 2615 1040 2694 his
1065 2618 1355 2718 susciperentur,
1391 2627 1433 2687 ut
1463 2614 1604 2723 integre
1631 2613 1825 2716 judicaret,
1862 2620 1891 2695 si

290 2740 384 2843 quid
413 2740 702 2843 improbandum
728 2752 913 2839 ageretur,
940 2750 1003 2807 aut
1027 2761 1154 2808 secum
1178 2732 1439 2834 perpenderet,
1465 2759 1561 2834 quae
1586 2753 1737 2814 narrata
1760 2754 1889 2817 esent

289 2864 348 2938 Fit
374 2861 483 2935 etiam
507 2884 791 2959 nonnunquam,
817 2869 859 2929 ut
882 2880 929 2927 ex
950 2852 1062 2927 rebus
1088 2854 1195 2954 gestis
1219 2864 1320 2952 petat
1342 2852 1602 2945 occassionem,
1638 2884 1713 2960 qua
1735 2857 1893 2963 deorum

290 2980 418 3057 laudes
437 2979 629 3052 celebrare
648 2980 775 3079 possit,
801 2991 864 3050 aut
884 2974 1095 3048 saltationes
1121 2975 1322 3064 instituere,
1348 2988 1412 3047 aut
1434 2971 1545 3050 etiam
1571 2974 1721 3078 judices
1738 2978 1889 3084 alloqui.

290 3101 404 3200 Quod
424 3114 546 3175 autem
560 3099 711 3173 omnino
731 3097 780 3171 ad
799 3096 904 3173 chori
928 3097 1190 3170 institutionem
1203 3095 1425 3199 pertinebat,
1451 3111 1494 3171 ut
1516 3111 1553 3172 et
1577 3088 1717 3174 musica
1742 3099 1895 3177 adbibe-

290 3235 421 3297 rentur
444 3234 479 3293 et
503 3217 660 3293 saltandi
685 3216 801 3308 modi,
823 3241 916 3319 quos
941 3218 1039 3293 oculi
1065 3221 1314 3322 perciperent,
1338 3217 1457 3292 verbo
1480 3243 1786 3298 commemorasse
1809 3224 1894 3299 eatis

290 3347 374 3436 erit,
393 3368 480 3417 cum
495 3341 725 3415 notissimum
745 3338 804 3429 sit,
824 3365 947 3439 neque
967 3338 1138 3433 habeam,
1161 3367 1236 3443 quo
1257 3366 1337 3413 rem
1357 3324 1558 3441 explanare
1578 3341 1725 3441 possim.
1764 3342 1893 3446 Neque

288 3465 410 3536 minus
435 3461 623 3560 cognitum
649 3475 702 3532 est
727 3461 913 3548 omnibus,
953 3477 1045 3561 quot
1070 3461 1236 3536 homines
1261 3459 1364 3535 chori
1391 3486 1568 3533 numerus
1596 3461 1811 3564 complexus
1833 3464 1892 3554 sit,

290 3600 330 3659 ut
351 3597 466 3657 totam
492 3605 571 3650 rem
596 3576 645 3649 ad
665 3581 925 3677 grammaticos
949 3581 1172 3684 rejiciamus,
1207 3585 1270 3686 qui
1292 3596 1445 3658 cunctos
1470 3594 1533 3655 aut
1550 3583 1664 3674 viros,
1702 3599 1765 3660 aut
1786 3585 1875 3660 femi

289 3733 367 3796 nas,
401 3716 464 3776 aut
488 3701 659 3789 infantes,
683 3715 843 3799 quatuor
867 3719 902 3777 et
929 3707 1057 3806 viginti
1082 3705 1194 3781 fuisse
1225 3703 1455 3806 perhibeant.
1468 3704 1511 3761 12.
1544 3705 1731 3807 Deniqrie
1752 3705 1894 3781 adden·
1944 3762 1947 3767 -

291 3826 382 3900 dum
411 3838 477 3912 est,
503 3817 605 3922 quod
633 3820 702 3891 iter
727 3818 898 3895 habuerit
925 3822 1074 3915 chorus,
1107 3851 1183 3928 quo
1211 3828 1249 3900 in
1274 3852 1422 3901 scenam
1449 3822 1721 3925 ingrederetur,
1746 3839 1788 3899 ut
1812 3853 1896 3901 mu÷

289 3938 393 4020 mere
412 3943 516 4042 fungi
536 3955 670 4040 posset,
692 3953 728 4013 et
742 3965 836 4041 quos
853 3946 1021 4045 corporis
1033 3960 1155 4018 motus
1173 3960 1361 4049 statusque
1381 3947 1616 4047 expresserit,
1636 3946 1699 4047 qui
1717 3947 1893 4050 aptissimi

291 4081 421 4158 essent,
445 4062 493 4137 de
519 4063 654 4164 quibus
680 4061 780 4137 idem
803 4060 1022 4161 Anonymus
1047 4064 1095 4136 itu
1119 4064 1314 4164 explicuit:
1331 4066 1375 4125 ¹³·
1401 4070 1459 4135 καί
1477 4072 1583 4153 εἰμὲν
1605 4073 1650 4148 ὥς
1674 4075 1736 4140 ἀπὸ
1761 4081 1819 4163 τῆς
1836 4074 1895 4143 uo'-

290 4192 370 4262 λεως
388 4180 504 4268 ἤρχετο
525 4180 578 4246 ἐπὶ
597 4180 632 4243 rei
655 4180 804 4265 θέατρον,
825 4181 881 4245 διὰ
901 4184 959 4263 τῆς
980 4181 1156 4266 ἀριστερᾶς
1176 4182 1295 4262 ἁψῖδος
1316 4183 1432 4281 εἰσῄει,Ι
1451 4184 1483 4266 al
1500 4184 1536 4248 dl
1555 4183 1600 4261 ὥς
1620 4185 1682 4250 ἀπὸ
1706 4186 1819 4272 ἀγροῦ,
1837 4189 1894 4254 δια

278 4481 281 4487 “
374 4473 418 4531 12.
440 4467 697 4553 ApudDiodorf.
718 4489 786 4551 pag.
807 4468 1021 4532 xv111.eont
1045 4469 1151 4535 schot.
1174 4472 1215 4535 ael
1233 4475 1290 4536 Δν.
1311 4494 1342 4534 v.
1360 4469 1433 4535 298.
1530 4471 1573 4533 1³.
1597 4471 1677 4536 lbid.
1695 4496 1764 4560 pag.
1780 4430 1894 4546 XVlll.

484 4570 567 4633 conl.
588 4566 657 4654 pag.
675 4572 761 4638 XlV.
