4364 5536
934 468 1240 563 ...133-

291 701 376 777 δες,
406 662 724 779 Πορνοβοσκόό,
760 689 971 777 weil-foto,
1012 685 1134 761 allae
1158 685 1340 760 mult-ae.
1392 686 1478 767 Hoc
1500 685 1583 762 1000
1608 685 1727 786 repeti
1750 708 1893 785 memo·

173 850 177 859 1
289 813 346 886 ria
366 807 768 917 potesttAeolosioonis,
796 808 835 880 in
859 820 951 904 quo,
980 803 1430 908 quemadmodumsupra
1446 805 1674 909 dixi,5poeta
1692 807 1894 910 imaginem

210 968 222 983 ⁴
291 931 445 1034 praebet
466 929 625 1003 hominis
650 927 803 1009 ventosi,
816 922 1028 1024 stolidoque
1050 923 1255 1025 gloriantis,
1279 928 1527 1027 pertinentem
1548 924 1598 1000 ad
1622 946 1732 1007 omne
1750 950 1894 1031 coquo-

290 1079 376 1127 rum
399 1073 526 1151 genus,
548 1060 590 1120 ut
610 1043 694 1146 jure
712 1049 752 1121 in
774 1073 857 1121 rem
876 1059 1040 1121 nostram
1060 1049 1370 1148 convertipossit.
1423 1046 1544 1143 Quam
1568 1048 1643 1147 apti
1666 1064 1790 1121 autem
1807 1046 1891 1125 fue·

290 1173 366 1247 rint
390 1171 502 1271 coqui
529 1184 641 1268 atque
665 1193 724 1241 res
751 1168 976 1268 coquinaria.
992 1166 1054 1240 ad·
1069 1169 1187 1242 risum
1215 1167 1465 1259 excitandum,
1505 1194 1693 1269 quamque
1715 1194 1827 1271 saepe
1849 1171 1891 1245 in

232 1372 236 1383 ,
288 1319 438 1369 scenam
459 1288 615 1393 prodire
640 1286 728 1388 jussi
754 1289 839 1377 sint,
867 1286 915 1360 de
940 1313 985 1359 eo
1009 1285 1082 1358 dici
1109 1312 1186 1359 non
1210 1285 1334 1378 debet,
1359 1314 1447 1363 cum
1467 1289 1681 1363 fabularum
1703 1289 1893 1392 fragmen·
1959 1346 1962 1351 -

289 1417 336 1490 tio
357 1415 444 1489 satis
462 1412 588 1487 multis
613 1410 741 1487 doceri
767 1409 891 1510 possit
942 1404 1121 1506 Ejusdem
1145 1406 1293 1481 fabulae
1319 1436 1338 1482 e
1364 1411 1531 1511 reliquiis
1557 1409 1791 1511 intelligitur,
1813 1437 1893 1487 oer-

195 1548 199 1557 '
288 1560 355 1609 vos
384 1531 554 1607 inductos
574 1557 652 1606 esse
676 1545 786 1629 atque
811 1525 985 1601 mulieres
1017 1527 1115 1601 leves
1142 1543 1178 1601 et
1200 1545 1408 1629 protervas,
1444 1556 1539 1631 quae
1562 1544 1649 1603 sunt
1671 1535 1894 1627 ἅρχηοτρόδες,

289 1659 490 1746 αὐλητρίδες,
522 1655 659 1745 ἑταῖραι.
708 1648 814 1744 Quid
838 1646 961 1721 dicam
986 1646 1032 1722 (le
1057 1649 1181 1741 Pluto,
1207 1649 1313 1750 cujus
1338 1666 1597 1751 argumentum
1618 1664 1739 1724 tolum
1763 1650 1891 1752 itt-go·

288 1777 406 1850 nerali
426 1798 577 1849 morum
597 1771 847 1874 descriptione
857 1769 1003 1842 'versari
1025 1766 1168 1843 dictum
1190 1782 1255 1860 est,
1282 1796 1453 1872 quaeque
1473 1757 1570 1844 inter
1586 1770 1675 1847 alias
1695 1768 1888 1873 Chremyli

290 1919 492 1996 personam
515 1893 690 1985 continet,
729 1888 836 1990 cujus
861 1887 934 1965 hoo
966 1886 1050 1965 loco
1082 1891 1307 1963 mentionem
1331 1886 1411 1963 fieri
1436 1886 1627 1989 oporteat?
1675 1890 1743 1967 Est
1765 1907 1889 1969 autem

288 2013 353 2087 illa
377 2012 533 2114 quidem
555 2011 672 2086 multa
704 2036 792 2084 cum
818 2023 897 2082 arte
930 2005 1111 2082 delineata
1146 2011 1382 2110 pertinetque
1399 2007 1456 2083 'ad
1480 2008 1520 2082 id
1545 2008 1737 2087 hominum
1755 2007 1894 2113 genua„

288 2138 354 2238 qui
372 2136 462 2211 boni
483 2137 554 2210 viri
575 2134 765 2233 fortesque
783 2128 905 2204 videri
925 2128 1069 2219 volunt,
1092 2129 1259 2203 simulata
1282 2126 1430 2228 justitio,
1452 2156 1539 2205 cum
1560 2131 1607 2207 ab
1627 2135 1725 2213 omui
1743 2132 1882 2209 scelere

286 2282 417 2331 vacare
442 2282 481 2329 se
507 2255 647 2330 dicunt.
700 2251 804 2346 Quid
831 2252 931 2345 enim
953 2248 1161 2350 judicemus
1187 2248 1235 2322 do
1263 2247 1340 2348 ejus
1368 2253 1531 2350 ingenio,
1557 2247 1882 2353 quamque-ombi-

288 2402 361 2476 gua
384 2378 431 2450 sit
453 2402 602 2448 morum
627 2375 719 2447 ratio
745 2370 846 2472 apud
866 2370 1051 2471 aequales,
1079 2370 1117 2443 id
1143 2372 1220 2469 ipse
1244 2385 1352 2470 poeta
1372 2369 1595 2470 Plepsidemi
1617 2364 1743 2444 verbis
1761 2368 1889 2444 decla·

288 2497 396 2585 ravit,
426 2492 531 2594 cujus
550 2517 681 2593 magna
702 2491 749 2563 sit
773 2489 968 2564 admiratio
987 2489 1036 2564 de
1060 2493 1169 2564 amici
1196 2488 1365 2562 divitiis
1357 2488 1534 2562 maltum
1555 2491 1762 2568 exstructis<
1809 2490 1888 2567 Sed

288 2641 335 2688 ne
360 2614 416 2690 his
441 2611 595 2713 quidem
615 2637 708 2746 opus
734 2627 798 2705 est,
826 2628 868 2688 ut
892 2611 1131 2713 intelligatur,
1158 2609 1279 2713 qualis
1303 2636 1391 2683 vere
1420 2609 1643 2715 Chremylus
1668 2610 1799 2687 haberi
1823 2609 1888 2687 (1ο-

183 2769 187 2775 ·
287 2734 384 2825 beat,
412 2758 497 2806 cum
519 2731 690 2806 verba
658 2760 749 2833 ejus,
777 2734 912 2835 quihus
938 2733 1134 2806 oraculum
1157 2730 1358 2806 consuluit:
1377 2731 1423 2790 58·

529 2867 586 2933 τόν
628 2868 756 2948 δὐόόν,
799 2865 898 2956 όσπερ
942 2867 987 2936 niv
1027 2867 1125 2950 μόνος
1165 2894 1223 2952 μοι
1263 2866 1429 2952 τυγχάνει,

531 2967 727 3051 πευσόμενος
768 2971 799 3034 εἰ
834 2972 899 3054 χρὴ
939 2971 1160 3055 μεταβαλόντα
1201 2972 1278 3049 τοός
1318 2969 1459 3059 τρόπους

531 3067 614 3137 εἶναι
655 3075 851 3156 πανοῦργον,
893 3067 1023 3156 ἄδικον,
1064 3075 1153 3159 όγιὲς
1191 3079 1274 3161 μηδὲ
1314 3077 1366 3157 ἓν,

531 3177 577 3253 ὥς
616 3179 661 3264 τῷ
700 3172 759 3264 βίῳ
797 3179 892 3241 τοῦτ’
931 3176 1011 3244 ου’τό
1052 3179 1185 3263 νομίσας
1224 3181 1417 3266 ξυμφέρειν.

287 3313 380 3392 nihil
405 3290 556 3386 omnino
580 3307 820 3382 dubitationis
847 3308 1072 3410 relinquant.
1123 3310 1181 3382 Ex
1204 3309 1379 3383 omnibus
1405 3309 1474 3400 his,
1500 3324 1598 3410 quae
1622 3309 1787 3385 breviter
1809 3306 1887 3387 dis-

180 3522 184 3529 ·
288 3435 511 3537 putavimus,
535 3426 643 3501 facile
667 3426 859 3518 conflatur,
885 3442 1068 3528 quantum
1094 3427 1183 3501 haec
1204 3455 1352 3503 morum
1377 3426 1579 3529 descriptio
1603 3430 1755 3508 differat
1776 3458 1800 3507 a
1822 3456 1885 3507 ve·

287 3560 374 3632 teris
392 3549 605 3631 comoediae
624 3545 780 3633 ratione,
807 3543 854 3617 de
877 3571 952 3645 qua
974 3573 1087 3648 supra
1106 3551 1315 3651 expositum
1338 3560 1404 3640 est,
1429 3564 1470 3623 ut
1487 3552 1685 3654 singularis
1703 3550 1886 3656 quaedum

287 3681 357 3751 rite
383 3675 510 3748 haberi
535 3669 661 3745 solent.
712 3666 777 3740 Sin
801 3690 892 3740 vero
910 3684 1124 3767 quaeratur,
1150 3683 1277 3743 utrum
1300 3667 1390 3741 alios
1410 3669 1544 3744 imitari
1563 3670 1752 3747 voluerint
1771 3669 1886 3749 medii
1930 3730 1965 3769 ·.

287 3813 430 3898 poetae,
456 3825 502 3869 an
528 3795 594 3896 ipsi
621 3790 692 3862 hoc
709 3812 823 3888 genus
842 3787 1021 3880 invenire,
1047 3789 1142 3890 quid
1161 3784 1462 3885 respondeamus,
1488 3789 1527 3860 in
1552 3807 1683 3892 aperto
1705 3806 1773 3886 est,
1798 3817 1887 3869 cum

288 3943 435 3991 omnem
460 3942 539 3988 rem
565 3913 613 3987 ad
637 3909 902 4012 Epicharmum
927 3909 1175 3985 revocandam
1199 3923 1383 4010 putemus,
1422 3910 1489 4008 qui
1514 3912 1665 3984 cumin
1689 3936 1887 4014 argumen-

286 4039 332 4111 tis
356 4031 628 4136 mythologicis,
659 4045 739 4103 tum
763 4033 801 4105 in
835 4029 904 4121 his,
941 4057 1036 4133 quae
1062 4028 1233 4119 dicimus,
1272 4027 1442 4128 exemplo
1476 4030 1590 4106 fuisse
1614 4030 1799 4109 videatur.
1849 4032 1886 4111 Ῑο

288 4158 416 4257 igitur,
453 4156 483 4228 si
510 4165 813 4254 argumentorum
843 4152 1025 4225 rationem
1055 4146 1200 4240 habeas,
1223 4147 1397 4223 ‘mediae'
1416 4150 1630 4228 comoediae
1661 4157 1780 4257 poetis
1806 4180 1885 4233 non

290 4276 473 4350 immerito
498 4272 733 4346 annumerari
761 4286 881 4372 queat.
933 4269 1020 4368 Quo
1044 4271 1202 4347 maxime
1228 4285 1350 4346 aulem
1370 4272 1619 4377 Epicharmus
1642 4277 1773 4355 ceteris
1795 4290 1905 4384 poc·-

371 4558 415 4618 ts.
433 4556 518 4620 Plut.
537 4577 566 4617 τ.
586 4551 636 4618 35.
656 4573 742 4638 seqq.
