4364 5536
933 445 1241 564 4110-

287 690 412 782 {noun
434 694 542 786 &rent
566 674 719 783 montem
745 693 793 767 tte
812 693 966 786 &noun
990 694 1121 787 langen,
1147 698 1215 764 unt
1240 696 1329 763 tana
1353 698 1408 764 tu
1432 691 1598 784 tatttttr
1619 699 1675 766 tes
1698 689 1891 788 wlmare

245 796 248 800 ’
287 819 348 886 tos
372 815 536 903 ἐπίρρημα
560 811 684 910 ῐρταώς
722 813 870 900 παᾶππη
894 812 969 889 otu
991 813 1084 911 tteter
1103 808 1274 907 pathetice
1299 808 1412 883 nisset
1438 809 1518 909 tune
1543 811 1619 898 etsta
1640 812 1805 908 metens
1828 815 1895 891 etas

288 952 478 1025 genoutmen
502 934 597 1026 hone,
622 943 676 1008 tet
696 943 811 1010 estete
835 934 898 1025 suf
915 931 1024 1025 uiridis
1038 930 1140 1020 lsstite
1161 929 1216 1016 tid)
1241 927 1405 1020 thecuite
1422 941 1489 1005 out
1508 930 1556 1004 tie
1573 932 1788 1020 ἀντίστροφος
1813 937 1896 1032 [mg

288 1058 355 1123 unt
369 1058 441 1124 *tot
467 1055 690 1143 dnenr'pp‘qpa
715 1054 832 1147 [prodi.
884 1051 988 1147 Quot
1011 1066 1132 1125 autem
1158 1064 1194 1122 et
1222 1047 1351 1150 quales
1373 1049 1561 1149 parabasis
1587 1063 1710 1150 partes
1735 1048 1894 1148 fuerint,

289 1191 366 1242 non
388 1169 549 1267 multum
576 1171 809 1267 haesitamus,
835 1173 930 1277 quid
956 1187 1055 1247 recte
1085 1168 1322 1245 statuendum
1342 1170 1403 1259 sit,
1433 1192 1520 1242 cum
1541 1168 1714 1242 nonnulli
1739 1169 1896 1269 fiaerint,

289 1293 356 1391 qui
390 1316 538 1365 omnem
569 1297 825 1393 quaestionem
856 1293 1001 1369 solvere
1033 1289 1182 1363 vellent.
1234 1291 1450 1365 Referemus
1481 1278 1550 1366 nos
1578 1292 1694 1393 igitur
1717 1293 1767 1370 ad
1792 1323 1894 1392 eum,

291 1395 404 1511 quem
428 1414 635 1513 saepissime
664 1415 907 1507 laudavimus,
938 1411 1193 1511 Anonymum,
1222 1406 1329 1510 cujus
1355 1408 1511 1511 quidem
1537 1413 1745 1489 testimonia
1770 1418 1896 1499 inhia

287 1532 368 1607 fere
394 1536 706 1608 continenturzfl·
736 1542 814 1628 ἡδὲ
835 1535 1020 1625 παράβασις
1048 1536 1224 1620 ἐπληροῦτο
1254 1535 1319 1603 ὑπό
1346 1536 1521 1624 μελυδρίου
1551 1535 1607 1601 καί
1632 1539 1813 1620 sopiendos
1840 1544 1898 1611 ml

290 1653 436 1734 στροφῆς
472 1647 528 1712 καὶ
564 1646 782 1736 ἀντιστρόφου
825 1649 881 1713 καί
911 1642 1131 1751 ἔπιρρζὶματος
1172 1645 1229 1710 καὶ
1265 1641 1544 1731 ἀντεπιρρἡματος
1576 1643 1633 1709 καί
1669 1645 1897 1729 ἀναπαίστων.

289 1751 459 1828 Eandem
477 1781 559 1827 rem
576 1756 693 1856 attigit
712 1754 946 1830 doctissimus
963 1750 1225 1851 Scaliger,·qui
1240 1748 1330 1824 haec
1344 1748 1468 1824 habet:
1484 1750 1530 1808 22.
1581 1750 1796 1832 Habebat
1815 1784 1894 1833 su-

290 1889 380 1948 tem
398 1878 641 1968 παράβασις
664 1890 828 1977 partes
853 1888 1042 1975 septem:
1071 1875 1321 1961 nouissimos,
1345 1898 1462 1973 quae
1486 1886 1584 1945 erat
1607 1879 1895 1955 constituti-0

182 2064 192 2078 ,
290 1995 538 2068 brevioris
568 1997 736 2097 partis;
773 1992 896 2067 unde
927 1992 1537 2092 etnomenapraecisionc.
1587 1991 1751 2070 Altera
1784 2026 1896 2100 pars

291 2096 542 2189 dicebatur
565 2117 892 2219 Anapaestica:
931 2115 1040 2214 quia
1073 2113 1185 2187 olim
1208 2137 1261 2185 ex
1286 2109 1404 2184 solis
1432 2114 1704 2212 anapaestis
1734 2119 1895 2193 confi-

291 2237 530 2313 ciebatur:
575 2254 737 2341 postea
771 2236 1033 2338 suppositis
1067 2224 1412 2334 aliis'pedibus
1445 2226 1778 2311 nihilosecius
1806 2264 1894 2312 no·

267 2359 659 2432 'menretinebat
712 2358 925 2431 Tertium
949 2367 1178 2428 vocarunt
1207 2359 1387 2445 μακρόν,
1422 2378 1514 2427 non
1552 2370 1760 2458 propter
1797 2375 1896 2437 tra.

291 2464 806 2581 ctumproductiorem:
833 2492 934 2552 erat
955 2475 1390 2549 enimbrevissima:
1419 2474 1500 2549 sed
1521 2479 1631 2577 quia
1656 2482 1796 2557 unico
1820 2486 1895 2561 isn-

290 2615 403 2699 petu
426 2601 525 2675 sine
545 2603 859 2705 respiratione
883 2596 1229 2672 absolvendum
1251 2612 1387 2673 esset:
1414 2597 1654 2674 Luserunt
1678 2603 1894 2699 innomi.

291 2748 347 2794 ne
372 2720 619 2794 Ludiones
645 2720 702 2794 ad
728 2720 940 2792 laborem
964 2721 1123 2819 potius
1149 2721 1481 2819 respicientes.
1533 2722 1646 2799 Post
1669 2750 1771 2801 eam
1793 2743 1893 2803 erat

292 2841 520 2943 strophe,
546 2845 620 2915 cui
645 2820 988 2941 Antistrophos
1015 2837 1357 2940 respondebat:
1386 2839 1495 2916 huic
1518 2843 1709 2945 Epodos
1733 2871 1895 2923 succe·
1952 2832 1956 2837 ⁸

292 2964 451 3051 debat,
482 2975 560 3034 aut
586 2961 886 3062 Epirrhema:
921 2961 995 3032 oui
1020 2958 1369 3061 antepirrhema
1394 2962 1730 3064 respondebat:
1766 2968 1893 3068 quod

291 3081 405 3170 xvl.
431 3105 520 3154 non
546 3080 752 3182 amplius
779 3079 997 3153 versibus
1023 3094 1269 3170 constare,
1293 3080 1368 3155 lex
1390 3082 1493 3158 fuit.
1543 3084 1895 3188 Aristophanes

292 3205 536 3278 numerum
564 3202 701 3274 auxit.
755 3200 1099 3276 Partiebantur
1131 3216 1287 3275 autem
1311 3218 1565 3307 utrumque
1589 3209 1637 3282 in
1661 3209 1903 3297 Semicho·⁸

292 3353 406 3398 rum:
438 3320 680 3397 interdum
706 3347 846 3396 versu
873 3324 1195 3423 anapaestico,
1221 3325 1318 3397 sive
1344 3328 1595 3423 commotio
1614 3306 1893 3430 et'ssrophe:

292 3446 444 3518 veluti
473 3447 518 3517 in
539 3445 680 3516 ltanis
703 3441 825 3541 apud
850 3443 1223 3543 Aristophanem.
1275 3444 1349 3520 Sed
1379 3473 1426 3520 ne
1452 3446 1701 3548 relinquatur,
1734 3474 1812 3552 quo
1837 3450 1897 3525 lu·

291 3595 376 3640 men
404 3568 568 3640 instituto
596 3577 724 3636 nostro
752 3561 894 3637 affandi
925 3564 1052 3666 possit,
1085 3562 1275 3664 parabasis
1308 3580 1430 3667 partes
1459 3571 1586 3669 paucis
1615 3567 1897 3671 persequendae

291 3708 390 3776 sunt,
410 3701 464 3775 ut,
491 3682 586 3785 quid
606 3685 644 3755 in
664 3682 809 3783 singula
828 3711 978 3788 quaque
996 3684 1133 3761 chorus
1156 3688 1393 3784 expresserit,
1421 3687 1658 3790 intelligatur.
1709 3686 1785 3765 Sed
1802 3714 1898 3791 quo-

291 3813 391 3880 niam
416 3807 504 3882 haec
536 3807 659 3880 omnia
690 3805 828 3903 cuique
863 3823 989 3907 aperta
1014 3804 1118 3900 fient,
1161 3807 1228 3906 qui
1254 3801 1511 3909 Aristophanis
1542 3809 1687 3885 fabulas
1711 3796 1899 3912 inspicere

291 3916 466 4017 voluerit,
492 3955 579 4001 cum
596 3928 658 4001 alii
674 3927 800 4001 multis
816 3926 940 4000 verbis
954 3920 1206 4027 exposuerint,
1233 3953 1329 4029 quae
1346 3927 1505 4006 dicenda
1519 3945 1651 4022 essent,
1675 3926 1745 4005 hac
1769 3928 1899 4033 dispu-

292 4054 431 4125 tatione
458 4047 702 4150 supersedere
728 4042 836 4149 posse
867 4049 1089 4148 putavimus.
1142 4047 1248 4143 Quid
1272 4064 1394 4124 autem
1420 4052 1458 4124 in
1484 4049 1653 4153 parabasi
1685 4053 1803 4127 secuti
1825 4055 1899 4129 sint

293 4185 435 4269 poetae,
464 4167 510 4243 de
535 4192 578 4242 eo
605 4166 788 4240 nonnulla
813 4166 994 4244 disserere
1018 4171 1058 4243 in
1083 4170 1207 4243 animo
1233 4181 1296 4242 est
1350 4167 1467 4263 Quod
1491 4194 1606 4271 supra
1638 4170 1899 4268 indicavimus,

379 4473 426 4531 21.
449 4469 541 4555 Apud
561 4470 706 4532 Dindorl.
731 4493 800 4556 pag.
818 4472 870 4535 Vl.
898 4473 980 4535 conf.
1002 4497 1072 4562 pag.
1090 4474 1204 4538 xvlu.
1315 4476 1360 4534 22.
1382 4474 1430 4538 De
1451 4485 1530 4559 trag.
1551 4485 1585 4538 et
1606 4497 1686 4539 com.
1708 4477 1741 4539 in
1760 4478 1903 4541 Gronov.

493 4573 586 4637 Thes
608 4574 714 4658 Antiq.
734 4576 844 4639 Graec.
876 4577 936 4638 vol.
956 4578 1035 4642 Vlll.
1066 4600 1135 4663 pag.
1159 4576 1247 4643 1507.
