4364 5536
635 478 1019 637 .-ffi⁷-

63 701 196 806 agendi
216 701 365 775 ratione·
384 724 495 777 suum
517 701 912 803 ipsorum-ingenium.
925 698 1132 800 proderent
1155 698 1377 801 callidisque
1404 703 1568 780 consiliis
1595 708 1663 782 im-

61 827 179 929 pliciti
199 824 346 900 varium
370 819 524 898 ludendi
548 846 665 919 genus
691 817 921 913 exhiberent,
945 822 1121 895 omnibus
1144 822 1256 896 rebus
1281 821 1330 895 ad
1355 825 1468 897 vitam
1491 824 1663 901 domesti-

62 972 145 1021 cam
159 945 304 1021 relatis:
330 954 461 1045 sponte
484 943 726 1044 intelligetur,
752 958 878 1041 poetas
896 950 1051 1017 omnino
1069 948 1230 1019 caruisse
1256 944 1357 1042 larga
1375 945 1541 1035 materia,
1568 973 1664 1046 qum

62 1094 138 1159 eos,
175 1067 361 1169 aquibus
396 1064 631 1154 audirentur,
669 1063 853 1137 delectare
888 1079 1000 1165 atque
1027 1093 1178 1141 movere
1203 1069 1336 1168 posset.
1390 1064 1542 1139 Constat
1566 1071 1664 1142 enim

61 1176 557 1284 iuter·,omues,=.res.ges‘tas,
575 1208 676 1284 quas
704 1185 774 1283 ipsi
798 1184 1015 1279 riderimua,
1037 1213 1273 1287 quarumque
1293 1189 1380 1260 socii
1403 1187 1663 1287 aliquomodo

59 1313 254 1387 nobiscum
279 1306 474 1408 conjuncti,
494 1308 581 1395 sint,
605 1303 798 1404 :majorem
826 1308 903 1413 rim
929 1305 1065 1379 habere
1086 1308 1126 1381 in
1148 1306 1307 1381 hominis
1333 1312 1510 1401 animum,
1553 1326 1665 1412 (suam

59 1458 119 1508 res
145 1431 261 1523 fictas,
287 1429 455 1532 quamvis
469 1427 717 1524 magnum‘sit
739 1424 894 1497 fallendi
916 1424 1090 1498 studium.
1142 1425 1196 1498 lta
1215 1424 1294 1498 lieri
1315 1431 1449 1527 potuit,
1476 1446 1517 1503 ut
1536 1450 1665 1532 poetae

58 1551 198 1653 majore
223 1552 488 1627 arteadhibita
507 1574 747 1648 compensare
766 1546 970 1640 studerent,
994 1546 1098 1648 quod
1121 1546 1169 1618 ab
1188 1546 1303 1618 altera
1326 1565 1430 1648 parte
1451 1554 1663 1646 amisissent,

59 1674 267 1774 darentque
294 1700 448 1775 operam
479 1671 675 1765 hominum
699 1664 829 1743 animis
852 1667 1090 1768 explorandis
1117 1684 1226 1768 atque
1251 1695 1401 1743 morum
1424 1677 1556 1748 rationi
1582 1704 1664 1778 cog·
1736 1658 1743 1665 ’

57 1792 278 1885 noscendae,
305 1798 383 1869 n'on
408 1796 669 1895 praetermisso
696 1792 776 1864 ullo
802 1792 964 1890 ingenio,
994 1795 1056 1864 au't
1079 1793 1175 1864 ritae
1200 1787 1405 1865 cummunis
1431 1810 1548 1894 parte,
1583 1802 1664 1899 qui·

58 1918 128 1990 bus
154 1917 266 1991 rebus
295 1911 495 1993 indebetis
522 1916 754 1992 inveniendis
782 1914 989 2015 plurimum
1013 1911 1291 2013 adjuvarentur.
1343 1917 1402 1988 Ex
1427 1912 1503 2017 ¹quo
1530 1920 1663 1993 intelli·

58 2043 169 2140 gitur,
195 2065 374 2139 personas
394 2044 504 2114 etiam
521 2042 611 2114 tales
633 2041 672 2112 in
692 2063 842 2131 scenam
860 2034 1017 2135 prodire
1042 2037 1218 2136 potuisse,
1241 2063 1336 2136 quae
1352 2035 1523 2114 honestae
1545 2059 1663 2118 essent

57 2188 99 2235 ac
126 2159 238 2233 laude
260 2145 411 2262 dignae:
454 2160 493 2234 id
526 2158 631 2262 quod
654 2157 847 2260 peculiare
869 2172 924 2230 est
948 2154 1058 2265 hujus
1083 2162 1243 2258 generiS,
1281 2185 1368 2233 cum
1392 2164 1511 2234 omnis
1539 2188 1598 2238 res
1620 2192 1663 2240 eo

58 2282 211 2370 rediret,
252 2298 294 2357 ut
325 2297 575 2385 spectatorum
608 2278 721 2352 animi
753 2278 917 2350 suaviter
948 2293 1188 2351 moverentur
1219 2305 1368 2354 morum
1403 2282 1661 2386 descriptione.

58 2398 300 2470 Praeclarum
325 2404 438 2496 igitur
452 2402 589 2470 Donati
615 2396 713 2466 illud
740 2391 912 2490 quidem:
926 2394 974 2456 43.
1001 2412 1049 2470 ut
1074 2401 1243 2475 intenti
1269 2396 1464 2503 speculo
1490 2411 1663 2483 verita-

57 2520 114 2591 tis
149 2516 436 2588 lineamenta
467 2513 618 2586 saeile
653 2539 740 2612 per
770 2513 996 2611 imagi-nes
1030 2518 1322 2617 colligimus,
1356 2526 1420 2595 ita
1453 2527 1663 2603 lectione

58 2634 330 2712 comoediae
368 2633 682 2707 imitationem
716 2635 841 2705 vitae
879 2635 1343 2742 consuetudinisque
1374 2635 1466 2716 non
1498 2674 1663 2747 aeger-

56 2760 174 2831 rime
200 2751 647 2830 animadvertimus·
682 2749 786 2824 Idem
811 2749 872 2824 hic
895 2755 1058 2854 scriptor
1079 2755 1297 2833 Ciceronem
1323 2761 1537 2864 loquentem
1562 2767 1662 2861 facit,

55 2884 121 2982 qui
148 2876 381 2954 comoediam
404 2872 647 2945 imitationem
667 2873 777 2961 ritae,
805 2873 1001 2972 speculum
1028 2880 1319 2976 consuetudinis,
1344 2888 1662 2988 imaginem-reri-

54 2999 308 3074 tatis'dixerit
360 2994 629 3090 Quoliberior
652 3008 774 3090 auum
798 3009 877 3067 erat
902 2995 1052 3071 vivendi
1078 3002 1321 3092 consuetudo,
1348 3029 1423 3105 qua
1447 3005 1581 3083 Graeci
1607 3015 1659 3086 uti
1734 3034 1753 3063 ⁹

55 3123 230 3213 solerent,
267 3146 311 3194 eo
337 3119 452 3217 magis
475 3117 594 3188 omnis
618 3116 756 3214 ingenii
783 3117 877 3212 ratio
903 3117 1120 3216 apparebat,
1160 3149 1272 3223 quam
1295 3141 1425 3226 poetae
1451 3134 1660 3230 exprimere

54 3231 483 3345 possentquaeque'tu
510 3236 640 3310 eadem
665 3263 823 3337 persona
848 3239 954 3310 vario
980 3237 1094 3312 modo
1121 3242 1371 3345 effingeretur.
1423 3249 1500 3322 Nee
1522 3255 1661 3328 mirum

55 3368 168 3465 igitur
194 3380 259 3455 cst,
286 3370 315 3437 si
339 3362 436 3435 forte
460 3364 682 3460 spectatores
708 3359 835 3434 multis
861 3363 899 3434 in
925 3361 1050 3453 rebus,
1076 3389 1172 3463 quae
1200 3366 1238 3435 in
1263 3390 1371 3438 scena
1401 3380 1659 3468 tractarentur,

25 3488 122 3561 ·sihi
150 3485 222 3559 hoc
247 3483 390 3559 illudve
416 3481 558 3559 dictum
583 3484 761 3582 putarint,
815 3510 1042 3585 quamquam
1068 3502 1178 3587 poeta
1201 3481 1394 3565 nihit'ute
1419 3505 1656 3589 spectaverat

54 3607 163 3681 Unde
188 3605 242 3697 tit,
279 3622 324 3680 ut
345 3604 529 3709 theatrum
554 3604 872 3704 opportunitatem
897 3607 1106 3707 praeberet,
1146 3635 1221 3711 qua
1246 3628 1377 3684 mores¹
1393 3612 1682 3719 ingeniumque·¹

56 3728 258 3800 humanum
279 3727 400 3828 probe
435 3725 591 3826 intelligi
617 3739 751 3824 posset,
785 3723 958 3824 adjuncta
990 3729 1246 3822 delectatione,
1281 3758 1378 3833 quae
1400 3737 1559 3809 maxima
1582 3766 1659 3814 esse

55 3849 159 3939 solet,
187 3850 273 3921 cum
299 3847 491 3920 hominum
513 3849 688 3935 tertiana,
716 3847 765 3920 ad
790 3873 937 3937 omnem
966 3851 1141 3967 ordinem
1164 3856 1400 3956 pertinentia,
1434 3879 1510 3928 non
1535 3839 1657 3934 solum

55 3963 238 4061 audimus,
271 3967 338 4041 sed
368 3968 475 4041 etiam
506 3971 545 4041 in
567 3968 709 4070 'agendi
742 3973 885 4045 r'atione
915 3969 1094 4048 videmus.
1147 3974 1279 4069 Qualis
1304 3990 1426 4049 aretem
1455 3976 1656 4081 descriptio

55 4093 168 4165 suerit
188 4113 447 4192 personarum,
472 4101 514 4160 ut
530 4090 774 4164 e'oietertar:
801 4093 840 4166 id
853 4091 939 4167 ,tum
958 4096 1266 4196 apparebit,;curn
1286 4099 1655 4195 consideraverimus,

55 4209 450 4311 emineas-quaene
469 4212 593 4284 mores
613 4207 731 4287 relata
745 4212 831 4303 sint,
853 4215 979 4289 miuus
1000 4231 1085 4315 apta
1110 4241 1190 4291 esse
1211 4218 1259 4292 ad
1280 4224 1422 4298 animos
1444 4225 1656 4302 excitandos

55 4349 164 4434 atque
190 4332 473 4406 admirationem
494 4331 818 4429 commovendam
842 4361 959 4437 quare
979 4338 1131 4411 inest-in
1152 4341 1320 4437 personis
1341 4343 1452 4416 animi
1473 4345 1657 4445 quaedam

55 4502 334 4520 Ἣ

140 4596 187 4654 4³.
208 4599 256 4658 De
279 4598 421 4667 comoed.
439 4599 568 4662 Dissert.
591 4596 623 4658 in
644 4597 784 4662 Gronov.
804 4600 896 4663 ates
918 4596 1023 4687 antiq.
1044 4597 1163 4670 Grade-
1188 4606 1258 4671 vot.
1277 4600 1356 4679 illl
1381 4632 1452 4699 pag.
1475 4613 1562 4681 tlte
