<?xml version="1.0" encoding="UTF-8"?>
<!DOCTYPE html PUBLIC "-//W3C//DTD XHTML 1.0 Transitional//EN"
    "http://www.w3.org/TR/xhtml1/DTD/xhtml1-transitional.dtd">
<html xmlns="http://www.w3.org/1999/xhtml" xml:lang="en" lang="en">
 <head>
  <title>
</title>
<meta http-equiv="Content-Type" content="text/html;charset=utf-8" />
  <meta name='ocr-system' content='tesseract 3.04.00' />
  <meta name='ocr-capabilities' content='ocr_page ocr_carea ocr_par ocr_line ocrx_word'/>
</head>
<body>
  <div class='ocr_page' id='page_1' title='image "./detriumquaegrae00roedgoog_0164.png"; bbox 0 0 4364 5536; ppageno 0'>
   <div class='ocr_carea' id='block_1_1' title="bbox 945 425 1356 778">
    <p class='ocr_par' dir='ltr' id='par_1_1' title="bbox 945 425 1356 778">
     <span class='ocr_line' id='line_1_1' title="bbox 945 425 1340 577; baseline -0.03 -1"><span class='ocrx_word' id='word_1_1' title='bbox 945 520 1002 546; x_wconf 86' lang='lat'>--</span> <span class='ocrx_word' id='word_1_2' title='bbox 1058 476 1142 577; x_wconf 81' lang='grc' dir='ltr'>ιιι</span> <span class='ocrx_word' id='word_1_3' title='bbox 1197 425 1255 548; x_wconf 66' lang='lat' dir='ltr'>Q·-</span> <span class='ocrx_word' id='word_1_4' title='bbox 1338 438 1340 443; x_wconf 70' lang='grc'><em>’</em></span> 
     </span>
     <span class='ocr_line' id='line_1_2' title="bbox 1060 653 1356 778; baseline 0 0"><span class='ocrx_word' id='word_1_5' title='bbox 1060 691 1132 778; x_wconf 78' lang='grc' dir='ltr'>ιι.</span> <span class='ocrx_word' id='word_1_6' title='bbox 1352 653 1356 657; x_wconf 70' lang='grc'><strong>’</strong></span> 
     </span>
    </p>
   </div>
   <div class='ocr_carea' id='block_1_2' title="bbox 569 861 1596 1006">
    <p class='ocr_par' dir='ltr' id='par_1_2' title="bbox 477 861 1596 1006">
     <span class='ocr_line' id='line_1_3' title="bbox 569 861 1596 1006; baseline -0.011 -26.987"><span class='ocrx_word' id='word_1_7' title='bbox 569 861 761 998; x_wconf 39' lang='grc' dir='ltr'><strong>ῗΝὸιιι</strong></span> <span class='ocrx_word' id='word_1_8' title='bbox 819 866 1149 1006; x_wconf 73' lang='lat' dir='ltr'><strong>comoedia.</strong></span> <span class='ocrx_word' id='word_1_9' title='bbox 1207 865 1596 1005; x_wconf 60' lang='grc' dir='ltr'><strong>ζῆίέαιωμῳιιά.)</strong></span> 
     </span>
    </p>
   </div>
   <div class='ocr_carea' id='block_1_3' title="bbox 1079 1126 1184 1202">
    <p class='ocr_par' dir='ltr' id='par_1_3' title="bbox 1079 1126 1184 1202">
     <span class='ocr_line' id='line_1_4' title="bbox 1079 1126 1184 1202; baseline 0 -71"><span class='ocrx_word' id='word_1_10' title='bbox 1079 1126 1184 1202; x_wconf 36' lang='grc'>2.,</span> 
     </span>
    </p>
   </div>
   <div class='ocr_carea' id='block_1_4' title="bbox 217 1327 2005 2892">
    <p class='ocr_par' dir='ltr' id='par_1_4' title="bbox 314 1327 1894 1435">
     <span class='ocr_line' id='line_1_5' title="bbox 314 1327 1894 1435; baseline 0.003 -26"><span class='ocrx_word' id='word_1_11' title='bbox 314 1387 316 1393; x_wconf 30' lang='lat' dir='ltr'><em>r</em></span> <span class='ocrx_word' id='word_1_12' title='bbox 389 1331 784 1435; x_wconf 57' lang='lat' dir='ltr'>Sed‘quoniam‘prius</span> <span class='ocrx_word' id='word_1_13' title='bbox 804 1327 948 1404; x_wconf 89' lang='lat' dir='ltr'>dictum</span> <span class='ocrx_word' id='word_1_14' title='bbox 967 1343 1033 1419; x_wconf 88' lang='lat' dir='ltr'>est,</span> <span class='ocrx_word' id='word_1_15' title='bbox 1052 1344 1152 1403; x_wconf 88' lang='lat' dir='ltr'>arcte</span> <span class='ocrx_word' id='word_1_16' title='bbox 1176 1331 1358 1403; x_wconf 85' lang='lat' dir='ltr'>contineri</span> <span class='ocrx_word' id='word_1_17' title='bbox 1378 1331 1590 1407; x_wconf 89' lang='lat' dir='ltr'>comoediae</span> <span class='ocrx_word' id='word_1_18' title='bbox 1608 1337 1788 1410; x_wconf 90' lang='lat' dir='ltr'>rationem</span> <span class='ocrx_word' id='word_1_19' title='bbox 1808 1365 1894 1414; x_wconf 90' lang='lat' dir='ltr'>cum</span> 
     </span>
    </p>

    <p class='ocr_par' dir='ltr' id='par_1_5' title="bbox 217 1451 2005 2892">
     <span class='ocr_line' id='line_1_6' title="bbox 289 1451 1990 1555; baseline 0.004 -26"><span class='ocrx_word' id='word_1_20' title='bbox 289 1458 383 1529; x_wconf 83' lang='lat' dir='ltr'>vitae</span> <span class='ocrx_word' id='word_1_21' title='bbox 408 1451 651 1544; x_wconf 83' lang='lat' dir='ltr'>institutione,</span> <span class='ocrx_word' id='word_1_22' title='bbox 676 1479 772 1555; x_wconf 90' lang='lat' dir='ltr'>quae</span> <span class='ocrx_word' id='word_1_23' title='bbox 797 1456 835 1527; x_wconf 86' lang='lat' dir='ltr'>in</span> <span class='ocrx_word' id='word_1_24' title='bbox 857 1480 899 1526; x_wconf 91' lang='lat' dir='ltr'>re</span> <span class='ocrx_word' id='word_1_25' title='bbox 924 1467 961 1526; x_wconf 88' lang='lat' dir='ltr'>et</span> <span class='ocrx_word' id='word_1_26' title='bbox 975 1453 1130 1552; x_wconf 87' lang='lat' dir='ltr'>publica</span> <span class='ocrx_word' id='word_1_27' title='bbox 1148 1467 1184 1527; x_wconf 91' lang='lat' dir='ltr'>et</span> <span class='ocrx_word' id='word_1_28' title='bbox 1206 1455 1351 1553; x_wconf 86' lang='lat' dir='ltr'>privata</span> <span class='ocrx_word' id='word_1_29' title='bbox 1369 1470 1554 1545; x_wconf 83' lang='lat' dir='ltr'>cernatur,</span> <span class='ocrx_word' id='word_1_30' title='bbox 1577 1481 1655 1529; x_wconf 88' lang='lat' dir='ltr'>non</span> <span class='ocrx_word' id='word_1_31' title='bbox 1669 1458 1893 1551; x_wconf 84' lang='lat' dir='ltr'>abhorrebit</span> <span class='ocrx_word' id='word_1_32' title='bbox 1983 1458 1990 1491; x_wconf 72' lang='lat'><em>³</em></span> 
     </span>
     <span class='ocr_line' id='line_1_7' title="bbox 217 1558 1893 1682; baseline 0.004 -31"><span class='ocrx_word' id='word_1_33' title='bbox 217 1559 222 1569; x_wconf 37' lang='lat'>⁸</span> <span class='ocrx_word' id='word_1_34' title='bbox 289 1579 534 1680; x_wconf 59' lang='lat' dir='ltr'>apropositot</span> <span class='ocrx_word' id='word_1_35' title='bbox 552 1577 742 1649; x_wconf 87' lang='lat' dir='ltr'>nonnulla</span> <span class='ocrx_word' id='word_1_36' title='bbox 764 1575 812 1651; x_wconf 87' lang='lat' dir='ltr'>de</span> <span class='ocrx_word' id='word_1_37' title='bbox 832 1575 888 1648; x_wconf 88' lang='lat' dir='ltr'>bis</span> <span class='ocrx_word' id='word_1_38' title='bbox 909 1575 1034 1665; x_wconf 88' lang='lat' dir='ltr'>rebus,</span> <span class='ocrx_word' id='word_1_39' title='bbox 1062 1601 1156 1675; x_wconf 87' lang='lat' dir='ltr'>quas</span> <span class='ocrx_word' id='word_1_40' title='bbox 1178 1571 1353 1666; x_wconf 77' lang='lat' dir='ltr'><strong>dicimus,</strong></span> <span class='ocrx_word' id='word_1_41' title='bbox 1379 1558 1611 1676; x_wconf 75' lang='lat' dir='ltr'>eaplicuisse,</span> <span class='ocrx_word' id='word_1_42' title='bbox 1638 1594 1680 1654; x_wconf 88' lang='lat' dir='ltr'>ut</span> <span class='ocrx_word' id='word_1_43' title='bbox 1698 1583 1812 1682; x_wconf 84' lang='lat' dir='ltr'>magis</span> <span class='ocrx_word' id='word_1_44' title='bbox 1837 1585 1893 1656; x_wconf 91' lang='lat' dir='ltr'>di·</span> 
     </span>
     <span class='ocr_line' id='line_1_8' title="bbox 290 1684 1997 1804; baseline 0.004 -32"><span class='ocrx_word' id='word_1_45' title='bbox 290 1701 458 1774; x_wconf 83' lang='lat' dir='ltr'>lucidum</span> <span class='ocrx_word' id='word_1_46' title='bbox 479 1701 526 1772; x_wconf 85' lang='lat' dir='ltr'>sit</span> <span class='ocrx_word' id='word_1_47' title='bbox 552 1684 793 1798; x_wconf 56' lang='lat' dir='ltr'>illudi-quod</span> <span class='ocrx_word' id='word_1_48' title='bbox 818 1694 993 1796; x_wconf 82' lang='lat' dir='ltr'>deinceps</span> <span class='ocrx_word' id='word_1_49' title='bbox 1027 1694 1184 1768; x_wconf 86' lang='lat' dir='ltr'>dicetur.</span> <span class='ocrx_word' id='word_1_50' title='bbox 1234 1694 1326 1769; x_wconf 83' lang='lat' dir='ltr'>Erat</span> <span class='ocrx_word' id='word_1_51' title='bbox 1352 1711 1475 1775; x_wconf 86' lang='lat' dir='ltr'>autem</span> <span class='ocrx_word' id='word_1_52' title='bbox 1509 1701 1627 1779; x_wconf 88' lang='lat' dir='ltr'>omnis</span> <span class='ocrx_word' id='word_1_53' title='bbox 1656 1705 1893 1804; x_wconf 86' lang='lat' dir='ltr'>respublica</span> <span class='ocrx_word' id='word_1_54' title='bbox 1951 1724 1953 1732; x_wconf 81' lang='grc'><em>’</em></span> <span class='ocrx_word' id='word_1_55' title='bbox 1995 1727 1997 1729; x_wconf 87' lang='grc'><em>·</em></span> 
     </span>
     <span class='ocr_line' id='line_1_9' title="bbox 288 1816 1892 1927; baseline 0.003 -31"><span class='ocrx_word' id='word_1_56' title='bbox 288 1837 400 1924; x_wconf 86' lang='lat' dir='ltr'>atque</span> <span class='ocrx_word' id='word_1_57' title='bbox 419 1820 592 1922; x_wconf 86' lang='lat' dir='ltr'>populus</span> <span class='ocrx_word' id='word_1_58' title='bbox 608 1821 647 1893; x_wconf 91' lang='lat' dir='ltr'>in</span> <span class='ocrx_word' id='word_1_59' title='bbox 667 1820 768 1892; x_wconf 92' lang='lat' dir='ltr'>omni</span> <span class='ocrx_word' id='word_1_60' title='bbox 789 1817 923 1891; x_wconf 88' lang='lat' dir='ltr'>ordine</span> <span class='ocrx_word' id='word_1_61' title='bbox 946 1833 983 1891; x_wconf 92' lang='lat' dir='ltr'>et</span> <span class='ocrx_word' id='word_1_62' title='bbox 1002 1843 1137 1918; x_wconf 82' lang='lat' dir='ltr'>genere</span> <span class='ocrx_word' id='word_1_63' title='bbox 1148 1819 1258 1890; x_wconf 81' lang='lat' dir='ltr'>circa</span> <span class='ocrx_word' id='word_1_64' title='bbox 1285 1816 1437 1920; x_wconf 86' lang='lat' dir='ltr'>Olymp.</span> <span class='ocrx_word' id='word_1_65' title='bbox 1456 1817 1538 1892; x_wconf 84' lang='lat' dir='ltr'>CX.</span> <span class='ocrx_word' id='word_1_66' title='bbox 1565 1820 1659 1895; x_wconf 91' lang='lat' dir='ltr'>adeo</span> <span class='ocrx_word' id='word_1_67' title='bbox 1679 1842 1892 1927; x_wconf 83' lang='lat' dir='ltr'>corruptus,</span> 
     </span>
     <span class='ocr_line' id='line_1_10' title="bbox 290 1938 1978 2047; baseline 0 -27"><span class='ocrx_word' id='word_1_68' title='bbox 290 1961 331 2020; x_wconf 90' lang='lat' dir='ltr'>ut</span> <span class='ocrx_word' id='word_1_69' title='bbox 345 1945 451 2035; x_wconf 90' lang='lat' dir='ltr'>nibil,</span> <span class='ocrx_word' id='word_1_70' title='bbox 465 1945 536 2018; x_wconf 91' lang='lat' dir='ltr'>nisi</span> <span class='ocrx_word' id='word_1_71' title='bbox 557 1943 724 2016; x_wconf 87' lang='lat' dir='ltr'>omnium</span> <span class='ocrx_word' id='word_1_72' title='bbox 739 1967 869 2014; x_wconf 88' lang='lat' dir='ltr'>rerum</span> <span class='ocrx_word' id='word_1_73' title='bbox 882 1939 1113 2042; x_wconf 81' lang='lat' dir='ltr'>depravatio,</span> <span class='ocrx_word' id='word_1_74' title='bbox 1129 1940 1304 2014; x_wconf 87' lang='lat' dir='ltr'>relictum</span> <span class='ocrx_word' id='word_1_75' title='bbox 1317 1938 1528 2013; x_wconf 51' lang='lat' dir='ltr'>rideretur.¹</span> <span class='ocrx_word' id='word_1_76' title='bbox 1547 1942 1698 2016; x_wconf 90' lang='lat' dir='ltr'>Summa</span> <span class='ocrx_word' id='word_1_77' title='bbox 1714 1949 1813 2021; x_wconf 91' lang='lat' dir='ltr'>enim</span> <span class='ocrx_word' id='word_1_78' title='bbox 1827 1973 1895 2047; x_wconf 90' lang='lat' dir='ltr'>po·</span> <span class='ocrx_word' id='word_1_79' title='bbox 1976 1995 1978 1999; x_wconf 94' lang='lat'>-</span> 
     </span>
     <span class='ocr_line' id='line_1_11' title="bbox 287 2062 1894 2169; baseline 0.002 -30"><span class='ocrx_word' id='word_1_80' title='bbox 287 2069 400 2139; x_wconf 86' lang='lat' dir='ltr'>tentia</span> <span class='ocrx_word' id='word_1_81' title='bbox 426 2089 538 2166; x_wconf 87' lang='lat' dir='ltr'>penes</span> <span class='ocrx_word' id='word_1_82' title='bbox 561 2062 712 2163; x_wconf 86' lang='lat' dir='ltr'>plebem</span> <span class='ocrx_word' id='word_1_83' title='bbox 737 2077 816 2136; x_wconf 90' lang='lat' dir='ltr'>erat</span> <span class='ocrx_word' id='word_1_84' title='bbox 842 2062 1022 2163; x_wconf 85' lang='lat' dir='ltr'>abjectam</span> <span class='ocrx_word' id='word_1_85' title='bbox 1043 2062 1318 2168; x_wconf 77' lang='lat' dir='ltr'>perditamque,</span> <span class='ocrx_word' id='word_1_86' title='bbox 1331 2062 1359 2122; x_wconf 88' lang='lat'>¹·</span> <span class='ocrx_word' id='word_1_87' title='bbox 1391 2086 1489 2162; x_wconf 87' lang='lat' dir='ltr'>quae</span> <span class='ocrx_word' id='word_1_88' title='bbox 1512 2065 1696 2139; x_wconf 87' lang='lat' dir='ltr'>aerarium</span> <span class='ocrx_word' id='word_1_89' title='bbox 1717 2069 1894 2169; x_wconf 89' lang='lat' dir='ltr'>spoliaret</span> 
     </span>
     <span class='ocr_line' id='line_1_12' title="bbox 289 2181 1895 2287; baseline 0.002 -27"><span class='ocrx_word' id='word_1_90' title='bbox 289 2201 325 2261; x_wconf 91' lang='lat' dir='ltr'>et</span> <span class='ocrx_word' id='word_1_91' title='bbox 347 2189 453 2261; x_wconf 78' lang='lat' dir='ltr'>cives</span> <span class='ocrx_word' id='word_1_92' title='bbox 471 2200 506 2260; x_wconf 89' lang='lat' dir='ltr'>et</span> <span class='ocrx_word' id='word_1_93' title='bbox 528 2186 671 2276; x_wconf 82' lang='lat' dir='ltr'>socios,</span> <span class='ocrx_word' id='word_1_94' title='bbox 685 2205 908 2287; x_wconf 73' lang='lat' dir='ltr'>semperque</span> <span class='ocrx_word' id='word_1_95' title='bbox 930 2187 1080 2261; x_wconf 83' lang='lat' dir='ltr'>tuarum</span> <span class='ocrx_word' id='word_1_96' title='bbox 1098 2183 1238 2257; x_wconf 81' lang='lat' dir='ltr'>faceret</span> <span class='ocrx_word' id='word_1_97' title='bbox 1262 2183 1338 2256; x_wconf 83' lang='lat' dir='ltr'>sive</span> <span class='ocrx_word' id='word_1_98' title='bbox 1365 2181 1404 2254; x_wconf 92' lang='lat' dir='ltr'>in</span> <span class='ocrx_word' id='word_1_99' title='bbox 1430 2182 1593 2256; x_wconf 88' lang='lat' dir='ltr'>consiliis</span> <span class='ocrx_word' id='word_1_100' title='bbox 1613 2183 1793 2280; x_wconf 88' lang='lat' dir='ltr'>ferendis,</span> <span class='ocrx_word' id='word_1_101' title='bbox 1819 2192 1895 2264; x_wconf 86' lang='lat' dir='ltr'>sive</span> 
     </span>
     <span class='ocr_line' id='line_1_13' title="bbox 288 2295 1894 2407; baseline 0.004 -28"><span class='ocrx_word' id='word_1_102' title='bbox 288 2311 326 2379; x_wconf 89' lang='lat' dir='ltr'>in</span> <span class='ocrx_word' id='word_1_103' title='bbox 344 2307 502 2404; x_wconf 79' lang='lat' dir='ltr'>legibus,</span> <span class='ocrx_word' id='word_1_104' title='bbox 523 2307 687 2407; x_wconf 86' lang='lat' dir='ltr'>denique</span> <span class='ocrx_word' id='word_1_105' title='bbox 710 2309 750 2380; x_wconf 93' lang='lat' dir='ltr'>in</span> <span class='ocrx_word' id='word_1_106' title='bbox 770 2308 872 2380; x_wconf 91' lang='lat' dir='ltr'>omni</span> <span class='ocrx_word' id='word_1_107' title='bbox 897 2304 1077 2380; x_wconf 82' lang='lat' dir='ltr'>ludorum</span> <span class='ocrx_word' id='word_1_108' title='bbox 1102 2328 1248 2404; x_wconf 79' lang='lat' dir='ltr'>genere.</span> <span class='ocrx_word' id='word_1_109' title='bbox 1267 2305 1294 2362; x_wconf 80' lang='lat'>2·</span> <span class='ocrx_word' id='word_1_110' title='bbox 1338 2295 1467 2404; x_wconf 86' lang='lat' dir='ltr'>Itaque</span> <span class='ocrx_word' id='word_1_111' title='bbox 1493 2322 1781 2392; x_wconf 84' lang='lat' dir='ltr'>consentaneum</span> <span class='ocrx_word' id='word_1_112' title='bbox 1805 2327 1894 2403; x_wconf 88' lang='lat' dir='ltr'>erat,</span> 
     </span>
     <span class='ocr_line' id='line_1_14' title="bbox 290 2419 2005 2533; baseline 0.007 -39"><span class='ocrx_word' id='word_1_113' title='bbox 290 2425 354 2522; x_wconf 90' lang='lat' dir='ltr'>qui</span> <span class='ocrx_word' id='word_1_114' title='bbox 373 2421 626 2521; x_wconf 77' lang='lat' dir='ltr'>voluptatibus</span> <span class='ocrx_word' id='word_1_115' title='bbox 642 2428 883 2497; x_wconf 68' lang='lat' dir='ltr'>vincerentur</span> <span class='ocrx_word' id='word_1_116' title='bbox 904 2425 1068 2517; x_wconf 86' lang='lat' dir='ltr'>indeque</span> <span class='ocrx_word' id='word_1_117' title='bbox 1088 2447 1125 2491; x_wconf 86' lang='lat' dir='ltr'>se</span> <span class='ocrx_word' id='word_1_118' title='bbox 1151 2421 1285 2493; x_wconf 80' lang='lat' dir='ltr'>darent</span> <span class='ocrx_word' id='word_1_119' title='bbox 1309 2419 1484 2512; x_wconf 83' lang='lat' dir='ltr'>desidiae,</span> <span class='ocrx_word' id='word_1_120' title='bbox 1506 2446 1568 2497; x_wconf 87' lang='lat' dir='ltr'>eos</span> <span class='ocrx_word' id='word_1_121' title='bbox 1592 2431 1712 2523; x_wconf 90' lang='lat' dir='ltr'>premi</span> <span class='ocrx_word' id='word_1_122' title='bbox 1735 2453 1897 2533; x_wconf 59' lang='lat' dir='ltr'>pauper:</span> <span class='ocrx_word' id='word_1_123' title='bbox 2003 2478 2005 2483; x_wconf 82' lang='lat'><em>.</em></span> 
     </span>
     <span class='ocr_line' id='line_1_15' title="bbox 287 2534 1897 2643; baseline 0.001 -25"><span class='ocrx_word' id='word_1_124' title='bbox 287 2558 359 2618; x_wconf 88' lang='lat' dir='ltr'>tate</span> <span class='ocrx_word' id='word_1_125' title='bbox 396 2543 638 2641; x_wconf 84' lang='lat' dir='ltr'>omniumque</span> <span class='ocrx_word' id='word_1_126' title='bbox 671 2545 801 2616; x_wconf 86' lang='lat' dir='ltr'>rerum</span> <span class='ocrx_word' id='word_1_127' title='bbox 836 2545 976 2643; x_wconf 89' lang='lat' dir='ltr'>inopia,</span> <span class='ocrx_word' id='word_1_128' title='bbox 1015 2552 1057 2612; x_wconf 90' lang='lat' dir='ltr'>ut</span> <span class='ocrx_word' id='word_1_129' title='bbox 1087 2535 1182 2611; x_wconf 90' lang='lat' dir='ltr'>nihil</span> <span class='ocrx_word' id='word_1_130' title='bbox 1212 2534 1405 2627; x_wconf 89' lang='lat' dir='ltr'>haberent,</span> <span class='ocrx_word' id='word_1_131' title='bbox 1445 2565 1522 2638; x_wconf 90' lang='lat' dir='ltr'>quo</span> <span class='ocrx_word' id='word_1_132' title='bbox 1556 2546 1669 2618; x_wconf 83' lang='lat' dir='ltr'>vitam</span> <span class='ocrx_word' id='word_1_133' title='bbox 1694 2567 1897 2627; x_wconf 76' lang='lat' dir='ltr'>sustentare</span> 
     </span>
     <span class='ocr_line' id='line_1_16' title="bbox 287 2655 1897 2777; baseline 0.007 -39"><span class='ocrx_word' id='word_1_134' title='bbox 287 2680 446 2767; x_wconf 80' lang='lat' dir='ltr'>possent.</span> <span class='ocrx_word' id='word_1_135' title='bbox 488 2657 762 2758; x_wconf 41' lang='lat' dir='ltr'>&#39;Quid&#39;autem</span> <span class='ocrx_word' id='word_1_136' title='bbox 789 2661 880 2735; x_wconf 89' lang='lat' dir='ltr'>inde</span> <span class='ocrx_word' id='word_1_137' title='bbox 905 2675 1072 2736; x_wconf 75' lang='lat' dir='ltr'>secutum</span> <span class='ocrx_word' id='word_1_138' title='bbox 1098 2655 1311 2760; x_wconf 76' lang='lat' dir='ltr'>putaveris?</span> <span class='ocrx_word' id='word_1_139' title='bbox 1368 2659 1487 2734; x_wconf 86' lang='lat' dir='ltr'>Erant</span> <span class='ocrx_word' id='word_1_140' title='bbox 1513 2663 1569 2737; x_wconf 89' lang='lat' dir='ltr'>illi</span> <span class='ocrx_word' id='word_1_141' title='bbox 1586 2664 1778 2764; x_wconf 87' lang='lat' dir='ltr'>homines,</span> <span class='ocrx_word' id='word_1_142' title='bbox 1804 2700 1897 2777; x_wconf 88' lang='lat' dir='ltr'>quos</span> 
     </span>
     <span class='ocr_line' id='line_1_17' title="bbox 285 2779 1927 2892; baseline 0.007 -34"><span class='ocrx_word' id='word_1_143' title='bbox 285 2813 351 2861; x_wconf 92' lang='lat' dir='ltr'>sua</span> <span class='ocrx_word' id='word_1_144' title='bbox 377 2787 547 2887; x_wconf 87' lang='lat' dir='ltr'>ipsorum</span> <span class='ocrx_word' id='word_1_145' title='bbox 561 2783 719 2855; x_wconf 86' lang='lat' dir='ltr'>miseria</span> <span class='ocrx_word' id='word_1_146' title='bbox 742 2781 986 2882; x_wconf 89' lang='lat' dir='ltr'>opprimeret,</span> <span class='ocrx_word' id='word_1_147' title='bbox 1013 2781 1120 2853; x_wconf 90' lang='lat' dir='ltr'>nullo</span> <span class='ocrx_word' id='word_1_148' title='bbox 1144 2780 1260 2853; x_wconf 90' lang='lat' dir='ltr'>modo</span> <span class='ocrx_word' id='word_1_149' title='bbox 1288 2780 1363 2880; x_wconf 91' lang='lat' dir='ltr'>apti</span> <span class='ocrx_word' id='word_1_150' title='bbox 1391 2779 1439 2853; x_wconf 89' lang='lat' dir='ltr'>ad</span> <span class='ocrx_word' id='word_1_151' title='bbox 1464 2809 1524 2857; x_wconf 90' lang='lat' dir='ltr'>res</span> <span class='ocrx_word' id='word_1_152' title='bbox 1542 2812 1692 2889; x_wconf 80' lang='lat' dir='ltr'>magnas</span> <span class='ocrx_word' id='word_1_153' title='bbox 1717 2795 1898 2892; x_wconf 81' lang='lat' dir='ltr'>gerendas</span> <span class='ocrx_word' id='word_1_154' title='bbox 1925 2872 1927 2879; x_wconf 67' lang='grc'>,</span> 
     </span>
    </p>
   </div>
   <div class='ocr_carea' id='block_1_5' title="bbox 286 2900 2030 3016">
    <p class='ocr_par' dir='ltr' id='par_1_6' title="bbox 286 2900 2030 3016">
     <span class='ocr_line' id='line_1_18' title="bbox 286 2900 2030 3016; baseline 0.006 -36"><span class='ocrx_word' id='word_1_155' title='bbox 286 2931 501 3008; x_wconf 83' lang='lat' dir='ltr'>magnoque</span> <span class='ocrx_word' id='word_1_156' title='bbox 521 2923 636 3005; x_wconf 83' lang='lat' dir='ltr'>opere</span> <span class='ocrx_word' id='word_1_157' title='bbox 661 2900 898 3004; x_wconf 77' lang='lat' dir='ltr'>expetendas,</span> <span class='ocrx_word' id='word_1_158' title='bbox 924 2927 1010 2975; x_wconf 91' lang='lat' dir='ltr'>cum</span> <span class='ocrx_word' id='word_1_159' title='bbox 1027 2901 1121 2974; x_wconf 90' lang='lat' dir='ltr'>nibil</span> <span class='ocrx_word' id='word_1_160' title='bbox 1144 2900 1248 2980; x_wconf 80' lang='lat' dir='ltr'>aliud</span> <span class='ocrx_word' id='word_1_161' title='bbox 1270 2919 1469 2993; x_wconf 90' lang='lat' dir='ltr'>curarent,</span> <span class='ocrx_word' id='word_1_162' title='bbox 1481 2907 1550 2978; x_wconf 92' lang='lat' dir='ltr'>nisi</span> <span class='ocrx_word' id='word_1_163' title='bbox 1575 2922 1617 2981; x_wconf 84' lang='lat' dir='ltr'>ut</span> <span class='ocrx_word' id='word_1_164' title='bbox 1639 2912 1781 2987; x_wconf 82' lang='lat' dir='ltr'>victum</span> <span class='ocrx_word' id='word_1_165' title='bbox 1804 2942 1897 3016; x_wconf 80' lang='lat' dir='ltr'>quo·</span> <span class='ocrx_word' id='word_1_166' title='bbox 1992 2900 1997 2907; x_wconf 36' lang='lat'>¹</span> <span class='ocrx_word' id='word_1_167' title='bbox 2026 2952 2030 2956; x_wconf 75' lang='grc'><strong>-</strong></span> 
     </span>
    </p>
   </div>
   <div class='ocr_carea' id='block_1_6' title="bbox 284 3020 2012 4107">
    <p class='ocr_par' dir='ltr' id='par_1_7' title="bbox 284 3020 2012 4107">
     <span class='ocr_line' id='line_1_19' title="bbox 285 3020 1897 3144; baseline 0.004 -42"><span class='ocrx_word' id='word_1_168' title='bbox 285 3028 489 3102; x_wconf 89' lang='lat' dir='ltr'>tidianum</span> <span class='ocrx_word' id='word_1_169' title='bbox 485 3038 683 3124; x_wconf 84' lang='lat' dir='ltr'>pararent,</span> <span class='ocrx_word' id='word_1_170' title='bbox 724 3026 823 3097; x_wconf 89' lang='lat' dir='ltr'>omni</span> <span class='ocrx_word' id='word_1_171' title='bbox 852 3025 995 3125; x_wconf 86' lang='lat' dir='ltr'>patriae</span> <span class='ocrx_word' id='word_1_172' title='bbox 1024 3047 1151 3096; x_wconf 85' lang='lat' dir='ltr'>amore</span> <span class='ocrx_word' id='word_1_173' title='bbox 1184 3020 1396 3096; x_wconf 63' lang='lat' dir='ltr'>destituti&amp;</span> <span class='ocrx_word' id='word_1_174' title='bbox 1440 3023 1549 3098; x_wconf 89' lang='lat' dir='ltr'>Unde</span> <span class='ocrx_word' id='word_1_175' title='bbox 1574 3032 1686 3128; x_wconf 86' lang='lat' dir='ltr'>pestis</span> <span class='ocrx_word' id='word_1_176' title='bbox 1713 3033 1789 3127; x_wconf 89' lang='lat' dir='ltr'>illa,</span> <span class='ocrx_word' id='word_1_177' title='bbox 1824 3065 1897 3144; x_wconf 77' lang='lat' dir='ltr'>qua</span> 
     </span>
     <span class='ocr_line' id='line_1_20' title="bbox 287 3131 1895 3249; baseline 0.007 -27"><span class='ocrx_word' id='word_1_178' title='bbox 287 3150 392 3223; x_wconf 90' lang='lat' dir='ltr'>nulla</span> <span class='ocrx_word' id='word_1_179' title='bbox 416 3147 531 3248; x_wconf 79' lang='lat' dir='ltr'>possit</span> <span class='ocrx_word' id='word_1_180' title='bbox 559 3166 635 3217; x_wconf 86' lang='lat' dir='ltr'>esse</span> <span class='ocrx_word' id='word_1_181' title='bbox 660 3143 792 3244; x_wconf 88' lang='lat' dir='ltr'>major,</span> <span class='ocrx_word' id='word_1_182' title='bbox 819 3169 1009 3244; x_wconf 89' lang='lat' dir='ltr'>quamque</span> <span class='ocrx_word' id='word_1_183' title='bbox 1035 3131 1301 3216; x_wconf 83' lang='lat' dir='ltr'>Demosthenes</span> <span class='ocrx_word' id='word_1_184' title='bbox 1328 3140 1474 3244; x_wconf 88' lang='lat' dir='ltr'>saepius</span> <span class='ocrx_word' id='word_1_185' title='bbox 1509 3145 1695 3249; x_wconf 88' lang='lat' dir='ltr'>deplorat,</span> <span class='ocrx_word' id='word_1_186' title='bbox 1730 3171 1772 3229; x_wconf 93' lang='lat' dir='ltr'>ut</span> <span class='ocrx_word' id='word_1_187' title='bbox 1797 3161 1895 3234; x_wconf 86' lang='lat' dir='ltr'>cives</span> 
     </span>
     <span class='ocr_line' id='line_1_21' title="bbox 287 3263 1896 3374; baseline 0.003 -28"><span class='ocrx_word' id='word_1_188' title='bbox 287 3274 428 3374; x_wconf 77' lang='lat' dir='ltr'>patriae</span> <span class='ocrx_word' id='word_1_189' title='bbox 454 3265 667 3372; x_wconf 85' lang='lat' dir='ltr'>proditores</span> <span class='ocrx_word' id='word_1_190' title='bbox 692 3292 768 3338; x_wconf 90' lang='lat' dir='ltr'>esse</span> <span class='ocrx_word' id='word_1_191' title='bbox 792 3263 961 3354; x_wconf 84' lang='lat' dir='ltr'>mallent,</span> <span class='ocrx_word' id='word_1_192' title='bbox 995 3286 1110 3363; x_wconf 87' lang='lat' dir='ltr'>quam</span> <span class='ocrx_word' id='word_1_193' title='bbox 1134 3265 1231 3335; x_wconf 89' lang='lat' dir='ltr'>tueri</span> <span class='ocrx_word' id='word_1_194' title='bbox 1257 3289 1339 3337; x_wconf 91' lang='lat' dir='ltr'>eam</span> <span class='ocrx_word' id='word_1_195' title='bbox 1364 3290 1406 3338; x_wconf 87' lang='lat' dir='ltr'>ac</span> <span class='ocrx_word' id='word_1_196' title='bbox 1430 3280 1611 3366; x_wconf 83' lang='lat' dir='ltr'>tegere.-</span> <span class='ocrx_word' id='word_1_197' title='bbox 1583 3268 1611 3328; x_wconf 80' lang='grc'>4·</span> <span class='ocrx_word' id='word_1_198' title='bbox 1652 3273 1752 3346; x_wconf 86' lang='lat' dir='ltr'>llaec</span> <span class='ocrx_word' id='word_1_199' title='bbox 1775 3293 1896 3352; x_wconf 85' lang='lat' dir='ltr'>autem</span> 
     </span>
     <span class='ocr_line' id='line_1_22' title="bbox 286 3382 1896 3502; baseline 0.004 -34"><span class='ocrx_word' id='word_1_200' title='bbox 286 3418 495 3497; x_wconf 89' lang='lat' dir='ltr'>pauperum</span> <span class='ocrx_word' id='word_1_201' title='bbox 521 3387 686 3462; x_wconf 90' lang='lat' dir='ltr'>conditio</span> <span class='ocrx_word' id='word_1_202' title='bbox 713 3384 813 3475; x_wconf 83' lang='lat' dir='ltr'>lecit,</span> <span class='ocrx_word' id='word_1_203' title='bbox 841 3399 883 3457; x_wconf 87' lang='lat' dir='ltr'>ut</span> <span class='ocrx_word' id='word_1_204' title='bbox 906 3384 1015 3456; x_wconf 87' lang='lat' dir='ltr'>etiam</span> <span class='ocrx_word' id='word_1_205' title='bbox 1034 3382 1166 3458; x_wconf 83' lang='lat' dir='ltr'>divites</span> <span class='ocrx_word' id='word_1_206' title='bbox 1184 3385 1292 3459; x_wconf 89' lang='lat' dir='ltr'>malis</span> <span class='ocrx_word' id='word_1_207' title='bbox 1310 3384 1551 3462; x_wconf 87' lang='lat' dir='ltr'>afficerentur</span> <span class='ocrx_word' id='word_1_208' title='bbox 1571 3405 1684 3493; x_wconf 86' lang='lat' dir='ltr'>atque</span> <span class='ocrx_word' id='word_1_209' title='bbox 1702 3389 1896 3502; x_wconf 87' lang='lat' dir='ltr'>corrumpi</span> 
     </span>
     <span class='ocr_line' id='line_1_23' title="bbox 286 3505 1895 3646; baseline 0.004 -56"><span class='ocrx_word' id='word_1_210' title='bbox 286 3543 323 3591; x_wconf 88' lang='lat' dir='ltr'>se</span> <span class='ocrx_word' id='word_1_211' title='bbox 338 3528 573 3646; x_wconf 80' lang='lat' dir='ltr'>paterentur,</span> <span class='ocrx_word' id='word_1_212' title='bbox 600 3537 685 3584; x_wconf 92' lang='lat' dir='ltr'>cum</span> <span class='ocrx_word' id='word_1_213' title='bbox 705 3533 783 3581; x_wconf 92' lang='lat' dir='ltr'>non</span> <span class='ocrx_word' id='word_1_214' title='bbox 801 3506 943 3580; x_wconf 93' lang='lat' dir='ltr'>modo</span> <span class='ocrx_word' id='word_1_215' title='bbox 934 3535 973 3579; x_wconf 90' lang='grc' dir='ltr'>ιιι</span> <span class='ocrx_word' id='word_1_216' title='bbox 993 3505 1145 3581; x_wconf 87' lang='lat' dir='ltr'>theatris</span> <span class='ocrx_word' id='word_1_217' title='bbox 1165 3507 1263 3580; x_wconf 89' lang='lat' dir='ltr'>male</span> <span class='ocrx_word' id='word_1_218' title='bbox 1286 3507 1524 3604; x_wconf 87' lang='lat' dir='ltr'>haberentur,</span> <span class='ocrx_word' id='word_1_219' title='bbox 1539 3513 1565 3571; x_wconf 83' lang='lat'>⁵·</span> <span class='ocrx_word' id='word_1_220' title='bbox 1599 3514 1704 3591; x_wconf 87' lang='lat' dir='ltr'>sedes</span> <span class='ocrx_word' id='word_1_221' title='bbox 1729 3545 1812 3595; x_wconf 85' lang='lat' dir='ltr'>suas</span> <span class='ocrx_word' id='word_1_222' title='bbox 1832 3543 1895 3596; x_wconf 87' lang='lat' dir='ltr'>ne-</span> 
     </span>
     <span class='ocr_line' id='line_1_24' title="bbox 286 3625 1895 3742; baseline 0.004 -30"><span class='ocrx_word' id='word_1_223' title='bbox 286 3636 485 3742; x_wconf 86' lang='lat' dir='ltr'>quissimis</span> <span class='ocrx_word' id='word_1_224' title='bbox 482 3630 709 3708; x_wconf 87' lang='lat' dir='ltr'>bominibus</span> <span class='ocrx_word' id='word_1_225' title='bbox 734 3625 989 3718; x_wconf 83' lang='lat' dir='ltr'>concedendo,</span> <span class='ocrx_word' id='word_1_226' title='bbox 1025 3652 1159 3700; x_wconf 74' lang='lat' dir='ltr'>nerum</span> <span class='ocrx_word' id='word_1_227' title='bbox 1187 3629 1298 3703; x_wconf 85' lang='lat' dir='ltr'>etiam</span> <span class='ocrx_word' id='word_1_228' title='bbox 1319 3630 1540 3708; x_wconf 84' lang='lat' dir='ltr'>facultates</span> <span class='ocrx_word' id='word_1_229' title='bbox 1530 3664 1568 3708; x_wconf 87' lang='grc' dir='ltr'>ιιι</span> <span class='ocrx_word' id='word_1_230' title='bbox 1590 3637 1709 3738; x_wconf 88' lang='lat' dir='ltr'>plebis</span> <span class='ocrx_word' id='word_1_231' title='bbox 1737 3642 1895 3719; x_wconf 82' lang='lat' dir='ltr'>delecta·</span> 
     </span>
     <span class='ocr_line' id='line_1_25' title="bbox 285 3740 2012 3868; baseline 0.001 -32"><span class='ocrx_word' id='word_1_232' title='bbox 285 3765 425 3836; x_wconf 89' lang='lat' dir='ltr'>tionem</span> <span class='ocrx_word' id='word_1_233' title='bbox 452 3754 685 3858; x_wconf 87' lang='lat' dir='ltr'>profundere</span> <span class='ocrx_word' id='word_1_234' title='bbox 712 3746 949 3852; x_wconf 79' lang='lat' dir='ltr'>cogerentur,</span> <span class='ocrx_word' id='word_1_235' title='bbox 975 3774 1023 3819; x_wconf 87' lang='lat' dir='ltr'>ne</span> <span class='ocrx_word' id='word_1_236' title='bbox 1048 3762 1194 3821; x_wconf 87' lang='lat' dir='ltr'>tenaces</span> <span class='ocrx_word' id='word_1_237' title='bbox 1218 3775 1298 3824; x_wconf 88' lang='lat' dir='ltr'>esse</span> <span class='ocrx_word' id='word_1_238' title='bbox 1322 3740 1592 3829; x_wconf 60' lang='lat' dir='ltr'>viderentur.d</span> <span class='ocrx_word' id='word_1_239' title='bbox 1639 3759 1694 3833; x_wconf 90' lang='lat' dir='ltr'>Ne</span> <span class='ocrx_word' id='word_1_240' title='bbox 1719 3766 1803 3863; x_wconf 87' lang='lat' dir='ltr'>quis</span> <span class='ocrx_word' id='word_1_241' title='bbox 1829 3769 1896 3868; x_wconf 79' lang='lat' dir='ltr'>igi</span> <span class='ocrx_word' id='word_1_242' title='bbox 2008 3857 2012 3861; x_wconf 24' lang='grc'><strong>2</strong></span> 
     </span>
     <span class='ocr_line' id='line_1_26' title="bbox 284 3867 1894 4014; baseline 0.002 -58"><span class='ocrx_word' id='word_1_243' title='bbox 284 3901 348 3957; x_wconf 88' lang='grc' dir='ltr'><strong>ιιιι</strong></span> <span class='ocrx_word' id='word_1_244' title='bbox 372 3883 544 3970; x_wconf 85' lang='lat' dir='ltr'>miretur,</span> <span class='ocrx_word' id='word_1_245' title='bbox 570 3875 676 4014; x_wconf 83' lang='lat' dir='ltr'>quod</span> <span class='ocrx_word' id='word_1_246' title='bbox 701 3874 792 3948; x_wconf 89' lang='lat' dir='ltr'>boni</span> <span class='ocrx_word' id='word_1_247' title='bbox 818 3873 917 3945; x_wconf 80' lang='lat' dir='ltr'>cives</span> <span class='ocrx_word' id='word_1_248' title='bbox 943 3867 1048 3941; x_wconf 92' lang='lat' dir='ltr'>nulla</span> <span class='ocrx_word' id='word_1_249' title='bbox 1069 3891 1136 3938; x_wconf 86' lang='lat' dir='ltr'>sua</span> <span class='ocrx_word' id='word_1_250' title='bbox 1161 3868 1272 3971; x_wconf 90' lang='lat' dir='ltr'>culpa</span> <span class='ocrx_word' id='word_1_251' title='bbox 1298 3877 1399 3948; x_wconf 89' lang='lat' dir='ltr'>omni</span> <span class='ocrx_word' id='word_1_252' title='bbox 1417 3880 1589 3978; x_wconf 86' lang='lat' dir='ltr'>pecunia,</span> <span class='ocrx_word' id='word_1_253' title='bbox 1612 3880 1794 3975; x_wconf 90' lang='lat' dir='ltr'>libertate,</span> <span class='ocrx_word' id='word_1_254' title='bbox 1820 3891 1894 3960; x_wconf 80' lang='lat' dir='ltr'>vita</span> 
     </span>
     <span class='ocr_line' id='line_1_27' title="bbox 287 3987 1961 4107; baseline 0.002 -32"><span class='ocrx_word' id='word_1_255' title='bbox 287 4003 422 4107; x_wconf 78' lang='lat' dir='ltr'>privati</span> <span class='ocrx_word' id='word_1_256' title='bbox 450 4002 536 4087; x_wconf 87' lang='lat' dir='ltr'>sint,</span> <span class='ocrx_word' id='word_1_257' title='bbox 568 3999 617 4071; x_wconf 88' lang='lat' dir='ltr'>si</span> <span class='ocrx_word' id='word_1_258' title='bbox 614 3994 721 4097; x_wconf 91' lang='lat' dir='ltr'>quid</span> <span class='ocrx_word' id='word_1_259' title='bbox 744 3992 955 4081; x_wconf 68' lang='lat' dir='ltr'>redferret,</span> <span class='ocrx_word' id='word_1_260' title='bbox 983 4003 1045 4063; x_wconf 90' lang='lat' dir='ltr'>aut</span> <span class='ocrx_word' id='word_1_261' title='bbox 1067 3987 1223 4082; x_wconf 86' lang='lat' dir='ltr'>deesset,</span> <span class='ocrx_word' id='word_1_262' title='bbox 1250 4017 1326 4092; x_wconf 92' lang='lat' dir='ltr'>quo</span> <span class='ocrx_word' id='word_1_263' title='bbox 1347 3994 1448 4094; x_wconf 90' lang='lat' dir='ltr'>plebi</span> <span class='ocrx_word' id='word_1_264' title='bbox 1475 4024 1616 4073; x_wconf 88' lang='lat' dir='ltr'>merces</span> <span class='ocrx_word' id='word_1_265' title='bbox 1638 4000 1731 4075; x_wconf 83' lang='lat' dir='ltr'>solvi</span> <span class='ocrx_word' id='word_1_266' title='bbox 1758 4021 1895 4103; x_wconf 84' lang='lat' dir='ltr'>posset,</span> <span class='ocrx_word' id='word_1_267' title='bbox 1955 3987 1961 3993; x_wconf 37' lang='lat'>⁵</span> 
     </span>
    </p>
   </div>
   <div class='ocr_carea' id='block_1_7' title="bbox 343 4261 1997 4683">
    <p class='ocr_par' dir='ltr' id='par_1_8' title="bbox 371 4261 1997 4475">
     <span class='ocr_line' id='line_1_28' title="bbox 371 4261 1997 4376; baseline 0.007 -31"><span class='ocrx_word' id='word_1_268' title='bbox 371 4291 395 4345; x_wconf 86' lang='lat'><strong>¹</strong></span> <span class='ocrx_word' id='word_1_269' title='bbox 416 4283 542 4347; x_wconf 76' lang='lat' dir='ltr'>Aristot</span> <span class='ocrx_word' id='word_1_270' title='bbox 561 4279 656 4376; x_wconf 84' lang='lat' dir='ltr'>Polit</span> <span class='ocrx_word' id='word_1_271' title='bbox 677 4277 729 4340; x_wconf 88' lang='lat' dir='ltr'>Vl.</span> <span class='ocrx_word' id='word_1_272' title='bbox 752 4271 833 4338; x_wconf 71' lang='lat' dir='ltr'>tl:</span> <span class='ocrx_word' id='word_1_273' title='bbox 864 4268 867 4273; x_wconf 64' lang='grc'>’</span> <span class='ocrx_word' id='word_1_274' title='bbox 916 4261 960 4337; x_wconf 62' lang='grc'>’9.</span> <span class='ocrx_word' id='word_1_275' title='bbox 981 4263 1131 4358; x_wconf 75' lang='lat' dir='ltr'>Xenoph.</span> <span class='ocrx_word' id='word_1_276' title='bbox 1150 4275 1211 4337; x_wconf 73' lang='lat' dir='ltr'>Res</span> <span class='ocrx_word' id='word_1_277' title='bbox 1233 4261 1322 4358; x_wconf 72' lang='lat' dir='ltr'>pust</span> <span class='ocrx_word' id='word_1_278' title='bbox 1345 4278 1458 4343; x_wconf 83' lang='lat' dir='ltr'>Athen.</span> <span class='ocrx_word' id='word_1_279' title='bbox 1480 4281 1509 4342; x_wconf 87' lang='grc' dir='ltr'>ι.</span> <span class='ocrx_word' id='word_1_280' title='bbox 1618 4287 1647 4344; x_wconf 83' lang='grc'>3.</span> <span class='ocrx_word' id='word_1_281' title='bbox 1667 4284 1712 4347; x_wconf 94' lang='lat' dir='ltr'>ld</span> <span class='ocrx_word' id='word_1_282' title='bbox 1733 4286 1810 4352; x_wconf 85' lang='lat' dir='ltr'>ibid.</span> <span class='ocrx_word' id='word_1_283' title='bbox 1830 4291 1898 4352; x_wconf 85' lang='lat' dir='ltr'>De-</span> <span class='ocrx_word' id='word_1_284' title='bbox 1992 4351 1997 4358; x_wconf 92' lang='lat'>.</span> 
     </span>
     <span class='ocr_line' id='line_1_29' title="bbox 483 4373 1896 4475; baseline 0.01 -35"><span class='ocrx_word' id='word_1_285' title='bbox 483 4384 596 4467; x_wconf 74' lang='grc' dir='ltr'><strong>ιῃοιιιι.</strong></span> <span class='ocrx_word' id='word_1_286' title='bbox 637 4379 777 4461; x_wconf 83' lang='lat' dir='ltr'>Philipp.</span> <span class='ocrx_word' id='word_1_287' title='bbox 796 4381 817 4439; x_wconf 96' lang='lat' dir='ltr'>l</span> <span class='ocrx_word' id='word_1_288' title='bbox 838 4399 909 4461; x_wconf 72' lang='lat' dir='ltr'>pag.</span> <span class='ocrx_word' id='word_1_289' title='bbox 932 4373 982 4443; x_wconf 84' lang='grc'>14.</span> <span class='ocrx_word' id='word_1_290' title='bbox 1002 4377 1078 4442; x_wconf 82' lang='lat' dir='ltr'>edit.</span> <span class='ocrx_word' id='word_1_291' title='bbox 1099 4377 1222 4443; x_wconf 83' lang='lat' dir='ltr'>Wolfii</span> <span class='ocrx_word' id='word_1_292' title='bbox 1308 4379 1336 4442; x_wconf 80' lang='grc'>4.</span> <span class='ocrx_word' id='word_1_293' title='bbox 1357 4379 1400 4444; x_wconf 89' lang='lat' dir='ltr'>ld.</span> <span class='ocrx_word' id='word_1_294' title='bbox 1422 4382 1561 4470; x_wconf 83' lang='lat' dir='ltr'>Philipp</span> <span class='ocrx_word' id='word_1_295' title='bbox 1581 4387 1631 4452; x_wconf 80' lang='lat' dir='ltr'>lll.</span> <span class='ocrx_word' id='word_1_296' title='bbox 1665 4409 1735 4475; x_wconf 72' lang='lat' dir='ltr'>pag.</span> <span class='ocrx_word' id='word_1_297' title='bbox 1757 4390 1807 4454; x_wconf 87' lang='grc'>30.</span> <span class='ocrx_word' id='word_1_298' title='bbox 1847 4394 1896 4454; x_wconf 85' lang='lat' dir='ltr'>De</span> 
     </span>
    </p>

    <p class='ocr_par' dir='ltr' id='par_1_9' title="bbox 343 4476 1899 4683">
     <span class='ocr_line' id='line_1_30' title="bbox 343 4476 1899 4577; baseline 0.01 -27"><span class='ocrx_word' id='word_1_299' title='bbox 343 4547 367 4563; x_wconf 74' lang='lat'>,‚</span> <span class='ocrx_word' id='word_1_300' title='bbox 482 4493 560 4552; x_wconf 72' lang='lat' dir='ltr'>Cor.</span> <span class='ocrx_word' id='word_1_301' title='bbox 585 4508 657 4575; x_wconf 71' lang='lat' dir='ltr'>pag,</span> <span class='ocrx_word' id='word_1_302' title='bbox 678 4482 747 4546; x_wconf 79' lang='lat'><strong>319.</strong></span> <span class='ocrx_word' id='word_1_303' title='bbox 759 4476 896 4568; x_wconf 81' lang='lat'>354</span> <span class='ocrx_word' id='word_1_304' title='bbox 891 4479 1150 4577; x_wconf 40' lang='grc' dir='ltr'><strong>2....5Χοιιοριι..</strong></span> <span class='ocrx_word' id='word_1_305' title='bbox 1167 4485 1228 4546; x_wconf 76' lang='lat' dir='ltr'>Res</span> <span class='ocrx_word' id='word_1_306' title='bbox 1256 4486 1346 4576; x_wconf 77' lang='lat' dir='ltr'>publ.</span> <span class='ocrx_word' id='word_1_307' title='bbox 1383 4487 1497 4553; x_wconf 74' lang='lat' dir='ltr'>Athen.</span> <span class='ocrx_word' id='word_1_308' title='bbox 1522 4488 1554 4551; x_wconf 73' lang='lat'>2</span> <span class='ocrx_word' id='word_1_309' title='bbox 1657 4493 1748 4558; x_wconf 79' lang='grc' dir='ltr'>6.Ιά</span> <span class='ocrx_word' id='word_1_310' title='bbox 1770 4495 1899 4564; x_wconf 68' lang='grc' dir='ltr'>ἰΙιίΜ·</span> 
     </span>
     <span class='ocr_line' id='line_1_31' title="bbox 482 4581 1429 4683; baseline 0.007 -13"><span class='ocrx_word' id='word_1_311' title='bbox 482 4581 786 4679; x_wconf 52' lang='grc'>0440444149.</span> <span class='ocrx_word' id='word_1_312' title='bbox 807 4627 908 4680; x_wconf 58' lang='grc' dir='ltr'><strong>,τις</strong></span> <span class='ocrx_word' id='word_1_313' title='bbox 1009 4627 1024 4678; x_wconf 49' lang='grc' dir='ltr'>’ζ’</span> <span class='ocrx_word' id='word_1_314' title='bbox 1056 4630 1062 4682; x_wconf 86' lang='grc' dir='ltr'>ι</span> <span class='ocrx_word' id='word_1_315' title='bbox 1128 4631 1162 4683; x_wconf 54' lang='lat' dir='ltr'>:ss</span> <span class='ocrx_word' id='word_1_316' title='bbox 1189 4628 1208 4665; x_wconf 65' lang='grc' dir='ltr'>ἰ</span> <span class='ocrx_word' id='word_1_317' title='bbox 1249 4636 1287 4682; x_wconf 75' lang='grc'><strong>·.</strong></span> <span class='ocrx_word' id='word_1_318' title='bbox 1384 4634 1429 4679; x_wconf 79' lang='grc' dir='ltr'>..ι</span> 
     </span>
    </p>
   </div>
   <div class='ocr_carea' id='block_1_8' title="bbox 0 0 2186 5536">
    <p class='ocr_par' dir='ltr' id='par_1_10' title="bbox 0 0 2186 5536">
     <span class='ocr_line' id='line_1_32' title="bbox 0 0 2186 5536; baseline 0 0"><span class='ocrx_word' id='word_1_319' title='bbox 0 0 2186 5536; x_wconf 95' lang='lat' dir='ltr'> </span> 
     </span>
    </p>
   </div>
  </div>
 </body>
</html>
