4364 5536
951 479 1258 578 -111-—⁴

300 699 460 773 comicos
494 694 688 772 retinenda
711 693 880 798 paschasi
895 696 1143 803 occasionem
1164 698 1236 774 sibi
1262 725 1411 777 servare
1435 706 1613 800 voluisse,
1641 736 1732 812 qua,
1755 714 1902 815 siquid

302 845 362 894 res
387 818 516 910 ferret,
541 830 764 921 spectatores
784 815 1081 917 alloquerentur,
1110 818 1150 894 id
1170 820 1279 896 facile
1298 840 1474 924 appareat
1497 854 1544 901 ex
1564 827 1714 924 sabulis,
1735 859 1831 934 quae
1854 833 1902 908 ad

300 956 465 1015 nostram
495 937 713 1014 memoriam
747 954 1015 1039 pervenerunt,
1050 955 1092 1013 ut
1122 965 1199 1014 non
1227 940 1456 1043 indigeamus
1483 946 1644 1025 aliorum
1675 954 1901 1053 scriptorum

297 1061 449 1163 judicio
500 1061 606 1158 Quae
631 1059 732 1135 enim
760 1059 800 1130 in
821 1057 1020 1157 Equitibus
1046 1059 1183 1162 legitur
1208 1062 1409 1163 parabasis,
1446 1091 1489 1137 ea
1513 1062 1623 1142 habet
1647 1087 1776 1170 poetae
1800 1100 1899 1149 com-

297 1183 608 1276 mendationemf
623 1209 700 1285 qua
728 1181 758 1255 is
789 1179 947 1280 patriam
978 1205 1101 1254 amare
1132 1197 1169 1255 et
1199 1180 1315 1256 malos
1335 1179 1516 1257 ⁴homines
1547 1191 1721 1288 persequi
1749 1190 1899 1284 dicitur,

298 1330 526 1406 quamquam
547 1301 785 1405 sperandum
800 1326 877 1374 non
900 1301 959 1390 sit,
991 1299 1087 1390 fore,
1117 1316 1159 1374 ut
1180 1316 1430 1401 spectatorum
1458 1309 1612 1407 gratiam
1637 1327 1899 1411 consequatur,
1918 1404 1924 1416 .

297 1427 362 1526 qui
390 1425 556 1525 reliquos
581 1435 707 1523 poetas
733 1445 891 1521 prorsus
916 1420 1106 1522 negligere
1131 1425 1332 1523 coeperint
1384 1427 1531 1502 Finitur
1558 1429 1649 1505 haec
1682 1431 1786 1507 chori
1813 1460 1899 1535 pars

295 1569 353 1635 eo,
373 1541 479 1645 quod
492 1567 632 1630 omnes,
649 1542 714 1643 qui
735 1539 906 1637 audiunt,
920 1540 1133 1644 ad'poetam
1146 1543 1388 1646 probandum
1407 1567 1671 1648 provocantur.
1699 1552 1806 1629 Idem
1818 1555 1898 1630 fere

293 1663 391 1764 ualet
416 1662 464 1738 de
483 1663 649 1738 Nubium
673 1663 857 1765 parabasi,
883 1664 921 1736 in
939 1690 1014 1765 qua
1034 1662 1170 1739 chorus
1184 1669 1430 1769 conqueritur
1448 1650 1579 1771 poetae
1593 1672 1794 1765 fortunam,
1822 1703 1898 1751 esse

292 1798 383 1861 'eum
400 1786 566 1887 praemio
592 1783 862 1886 dignissimum,
887 1781 993 1885 quod
1017 1783 1097 1858 aliis
1117 1782 1319 1877 deferatur,
1338 1789 1403 1889 qui
1423 1788 1636 1864 fabularum
1659 1790 1737 1892 ejus
1762 1797 1900 1895 expila-

294 1910 394 1982 tione
419 1908 612 1982 victoriam
640 1888 763 2006 adepti
794 1907 883 1995 sint3
926 1902 1076 1978 studere
1102 1932 1189 1980 eum
1218 1910 1320 1982 omni
1348 1909 1478 2011 modo,
1511 1928 1552 1986 ut
1577 1914 1717 2014 patriae
1741 1915 1897 1991 salutem

295 2027 432 2103 aflerat.
485 2027 602 2124 Quod
627 2028 665 2101 in
685 2029 791 2102 Pacis
815 2025 984 2129 parabesi
1011 2027 1321 2132 reliquarumque
1339 2027 1554 2105 fabularum
1577 2034 1682 2125 inest,
1709 2037 1747 2107 in
1773 2063 1816 2111 eo
1840 2066 1897 2112 ea·

294 2148 382 2224 dem
403 2165 532 2252 poetae
555 2149 648 2223 ratio
673 2162 851 2251 apparet,
867 2163 909 2222 ut
932 2146 1070 2223 diutius
1096 2151 1135 2223 in
1156 2148 1225 2224 liac
1252 2179 1293 2224 re
1320 2153 1458 2225 versari
1484 2174 1799 2255 supervacaneum
1819 2185 1896 2235 esse

290 2271 471 2346 rideatur.
493 2262 499 2275 ⁸
523 2271 577 2346 Ne
603 2271 686 2372 quis
713 2271 828 2372 igitur
849 2269 1087 2370 quaesiverit,
1115 2293 1211 2367 quae
1238 2285 1274 2345 et
1300 2272 1421 2373 qualis
1451 2274 1497 2349 sit
1525 2276 1713 2376 parabasis
1738 2305 1894 2371 summa,

294 2403 357 2461 aut
376 2389 471 2488 quid
494 2391 564 2462 sibi
584 2393 773 2463 voluerint
791 2406 923 2490 poetae
949 2393 988 2464 in
1009 2385 1052 2464 ea
1074 2388 1299 2481 adhibenda,
1325 2416 1413 2465 cum
1430 2419 1476 2467 ex
1500 2395 1564 2486 eis,
1590 2420 1686 2497 quae
1710 2394 1895 2499 disputata

293 2523 391 2599 sunt,
413 2506 565 2582 conflari
587 2505 732 2598 debeat,
753 2525 817 2581 aut
835 2509 962 2582 laudes
982 2523 1179 2609 poetarum
1190 2508 1419 2607 praedicari,
1438 2517 1469 2587 si
1493 2515 1588 2614 quid
1607 2518 1646 2589 in
1664 2531 1740 2589 arte
1759 2532 1823 2591 aut
1844 2521 1896 2592 ci-

293 2633 403 2704 vitate
430 2627 669 2731 perfecerint,
701 2642 764 2706 aut
792 2628 901 2701 ctiam
925 2625 1089 2699 aemulos
1113 2626 1254 2726 gloriae
1287 2628 1463 2704 derideri.
1515 2633 1589 2708 Sed
1619 2662 1815 2738 pergamus
1847 2640 1895 2712 ad

289 2751 446 2853 reliqua.

1075 2973 1108 3040 5.

384 3206 578 3306 Deinceps,
604 3217 646 3277 ut
669 3218 721 3276 est
744 3202 992 3305 propesitum,
1018 3200 1066 3276 de
1090 3200 1396 3301 generedicendi
1421 3203 1584 3300 dicatur,
1613 3214 1728 3312 quale
1746 3222 1888 3320 antiqui

286 3329 416 3406 comici
438 3327 653 3402 adhibuere.
706 3322 792 3418 Qua
815 3325 853 3395 in
870 3318 1140 3423 redelinienda
1158 3348 1205 3395 ne
1225 3321 1306 3395 falli
1332 3323 1539 3420 videamur,
1560 3332 1680 3432 major
1703 3337 1889 3436 quaedam

286 3476 376 3522 cura
401 3443 613 3519 adhibenda
640 3459 702 3517 est.
756 3441 907 3544 Optime
931 3458 1067 3535 eutem,
1092 3443 1197 3546 quod
1222 3444 1407 3536 volumus,
1434 3449 1611 3549 consequi
1636 3459 1831 3554 possimus,
1858 3465 1886 3535 si

286 3567 432 3646 dicendi
459 3593 588 3668 genus,
625 3590 702 3666 quo
737 3563 802 3637 illa
826 3579 923 3661 aetas
949 3581 1129 3676 uteretur,
1174 3563 1357 3667 quodque
1386 3563 1617 3668 aliquatenus
1650 3574 1697 3649 nd
1728 3583 1890 3658 comicos

284 3694 497 3793 pertineret,
521 3688 650 3790 paucis
665 3685 973 3787 explicuerimus:
998 3703 1040 3760 ut
1056 3702 1133 3761 tota
1156 3712 1214 3761 res
1238 3688 1440 3789 repetenda
1460 3691 1567 3766 altius
1586 3694 1767 3771 videatur.
1797 3701 1888 3775 Tul-

285 3811 369 3902 lius,
396 3808 506 3910 hujus
529 3811 582 3883 rei
610 3807 974 3908 intelligentissimus,
1005 3807 1171 3901 breviter
1194 3805 1360 3910 quidem,
1385 3807 1452 3884 sed
1474 3832 1646 3890 accurate
1669 3819 1887 3921 significavit

284 3935 489 4020 orationem
513 3929 592 4031 ejus
621 3931 812 4034 temporis,
840 3955 916 4033 quo
943 3929 1095 4031 antiqua
1117 3927 1305 4003 comoedia
1334 3928 1474 4021 floruit,
1508 3946 1549 4006 ut
1575 3961 1651 4009 non
1675 3938 1888 4020 dubitemus

282 4055 397 4128 verba
423 4051 501 4153 ejus
526 4078 727 4155 apponere:
753 4053 777 4111 ¹·
812 4051 952 4154 quihus
985 4049 1213 4152 temporibus
1248 4049 1354 4151 quod
1391 4050 1541 4128 dicendi
1571 4081 1688 4157 genus
1714 4064 1885 4162 viguerit,

283 4205 327 4250 ex
347 4172 579 4275 Thucydidis
598 4173 758 4271 scriptis,
785 4173 850 4273 qui
878 4173 955 4272 ipse
974 4185 1055 4245 tum
1072 4170 1157 4261 fuit,
1177 4169 1333 4270 intelligi
1352 4174 1513 4250 maxime
1530 4193 1661 4278 potest.
1714 4181 1885 4260 Grandes

287 4314 391 4372 erant
414 4294 702 4386 verbis,'crehri
719 4293 921 4383 sententiis,
942 4293 1215 4392 compressione
1235 4318 1365 4365 rerum
1384 4291 1516 4370 breves
1540 4314 1575 4372 et
1595 4299 1645 4374 ob
1667 4328 1748 4375 eam
1768 4305 1884 4405 ipsam

275 4480 564 4496 m

366 4582 391 4640 ¹.
412 4581 444 4640 ln
463 4579 562 4639 Brnto
581 4577 649 4641 Vll.
