4364 5536
285 728 460 804 Cratinus
481 727 661 831 progredi
682 726 857 819 voluerit,
878 728 945 828 qui
966 752 1014 802 ne
1033 726 1188 801 Periclis
1211 724 1365 829 quidem
1386 728 1593 802 auctoritati
1615 739 1800 830 parceret,
1824 739 1887 800 atrt

285 877 382 954 quos
405 851 561 952 Eupolis
594 851 850 951 perstringere
881 849 1098 949 susceperit,
1138 851 1206 948 qui
1238 839 1356 923 omnis
1391 848 1470 924 fere
1505 853 1662 931 civitatis
1695 849 1889 950 principes

284 985 467 1073 tangeret3
488 970 683 1073 adjiciatur
701 986 823 1046 tamen
843 974 983 1045 mentio
1004 973 1113 1044 etiam
1127 969 1288 1060 aliorum
1298 984 1507 1070 poetarum,
1530 975 1595 1072 qui
1612 971 1713 1045 idem
1727 969 1887 1073 aggressi

216 1123 220 1133 ¹
283 1108 380 1168 aunt.
432 1091 620 1168 Audiatur
645 1095 683 1166 in
707 1093 763 1166 his
788 1091 1012 1182 Meinekius,
1039 1114 1116 1191 quo
1140 1091 1268 1165 nullus
1292 1089 1371 1164 fere
1397 1093 1533 1179 rectius
1557 1088 1793 1190 judicaverit,
1818 1089 1887 1190 qui

284 1214 513 1289 Taleclidem
532 1211 725 1285 'acerbum
752 1213 906 1287 Periclis
942 1212 1199 1287 adversarium
1231 1210 1328 1285 dixit
1337 1213 1382 1271 5⁰·
1440 1211 1765 1312 Hermippumque
1789 1210 1889 1281 inter
1983 1202 1986 1207 ⁴

286 1358 348 1408 eos
372 1333 483 1408 fixisse
507 1329 711 1421 contendit,
734 1355 829 1429 quos
855 1335 1132 1409 contumeliosis
1155 1334 1325 1408 versibus
1346 1331 1510 1410 eundem
1531 1335 1656 1406 virum
1675 1343 1888 1432 persecutos

242 1521 248 1532 .
285 1481 361 1528 esse
386 1456 619 1530 notissimum
645 1454 760 1527 sit.⁵¹·
808 1454 939 1553 Neque
963 1452 1140 1526 abstinuit
1168 1453 1274 1524 Plato
1307 1454 1484 1544 comicus,
1526 1456 1751 1556 quominus
1778 1477 1888 1527 omne

284 1571 449 1648 studium
474 1598 518 1645 eo
544 1572 746 1666 conferret,
774 1589 816 1648 ut
834 1571 1105 1675 Cleophontem
1132 1589 1167 1648 et
1190 1572 1417 1648 Pisandrum
1436 1561 1704 1674 perstringeret
1723 1575 1763 1647 in
1782 1572 1889 1647 fabu-

285 1693 345 1784 lis,
372 1719 468 1794 quae
493 1691 630 1799 eisdem
655 1695 869 1769 nominibus
894 1695 1203 1770 inscribebantur.
1256 1693 1425 1795 Cleopbo
1449 1709 1583 1787 autem,
1615 1697 1681 1796 qui
1709 1692 1757 1769 ad
1782 1692 1889 1768 ducis

285 1813 500 1915 dignitatem
524 1829 756 1916 pervenerat,
781 1829 956 1914 tanquam
980 1813 1092 1887 homo
1115 1840 1234 1890 novus
1260 1814 1458 1890 deridetur
1477 1831 1513 1891 et
1532 1814 1694 1891 obscuro
1716 1813 1800 1889 loco
1825 1840 1889 1887 na-

284 1950 356 2023 tus,
380 1948 554 2034 tanquam
579 1951 739 2036 nugator
758 1950 794 2008 et
808 1934 916 2034 levis;
943 1936 1125 2011 Pisander
1150 1939 1189 2010 in
1214 1962 1362 2011 scenam
1383 1939 1638 2027 committitur,
1664 1931 1770 2037 quod
1793 1949 1888 2024 nim,

285 2081 372 2129 cum
391 2057 554 2129 militum
576 2058 776 2158 imperium
796 2056 961 2149 haberet,
980 2058 1146 2163 ignaviae
1166 2056 1418 2157 opprobrium
1438 2056 1509 2131 sibi
1530 2070 1773 2130 contraxerat.
1815 2053 1890 2130 Sed
1934 2040 1937 2056 ¹

283 2175 523 2278 Aristophani
549 2177 701 2254 demum
726 2182 894 2280 contigit,
933 2196 975 2253 ut
997 2205 1179 2253 summam
1204 2201 1335 2249 scenae
1364 2174 1576 2250 libertatem
1600 2172 1805 2248 adduceret
1830 2197 1888 2270 eo,

286 2296 390 2396 quod
417 2295 595 2388 homines,
629 2299 677 2373 ad
703 2325 797 2400 quos
825 2298 944 2374 delata
969 2315 1088 2375 essent
1112 2283 1253 2388 omnia,
1289 2297 1432 2397 quique
1486 2294 1668 2367 lurimum
1693 2294 1796 2394 apud
1820 2319 1889 2394 po·

287 2415 418 2513 pulum
441 2416 619 2507 valerent,
654 2420 837 2492 ludendos
863 2420 985 2508 dabat,
1019 2421 1133 2491 vitam
1165 2442 1295 2491 eorum
1327 2321 1520 2516 detegehat
1551 2430 1661 2517 atquc
1683 2418 1830 2517 ingenia
1853 2429 1889 2489 et

288 2558 411 2607 mores
442 2536 491 2606 ita
524 2536 767 2637 exprimebat,
807 2550 849 2606 ut
884 2539 995 2610 etiam
1030 2539 1137 2610 nobis
1162 2539 1353 2637 perspicui
1384 2539 1467 2609 sint
1518 2538 1681 2609 Maxime
1706 2550 1826 2609 autem
1850 2560 1890 2609 sc

286 2653 496 2755 applicabat
528 2655 576 2728 ad
602 2655 751 2727 Cleonis
782 2652 1020 2741 derisionem,
1060 2679 1173 2751 quam
1209 2657 1259 2724 ita
1291 2652 1461 2740 instituit,
1499 2667 1541 2726 ut
1566 2678 1701 2754 operae
1727 2657 1890 2756 pretium

286 2802 362 2848 esse
387 2773 573 2866 videatur,
608 2758 807 2875 exponere,
829 2795 905 2871 qua
928 2772 991 2843 ria
1019 2769 1071 2860 id,
1108 2771 1215 2871 quod
1240 2771 1365 2860 vellet,
1392 2791 1694 2874 consequeretur.
1745 2776 1826 2848 Jam
1850 2776 1889 2848 in

286 2885 515 2996 Babyloniis,
542 2919 638 3033 quae
660 2890 823 2966 secunda
847 2905 899 2962 est
920 2887 998 2997 ejus
1003 2890 1157 2982 fabula,
1182 2907 1282 2965 tanta
1306 2891 1570 2968 vehementia
1561 2923 1600 2968 ιιι
1618 2895 1733 2968 dum
1724 2909 1889 2969 invectus

287 3032 376 3109 erat,
401 3033 443 3090 ut
469 3031 531 3089 aut
552 3018 644 3117 ipse,
671 3026 733 3084 aut
757 3010 1001 3106 Callistratus,
1023 3013 1093 3086 sub
1121 3010 1225 3112 cujus
1252 3013 1403 3085 nomine
1429 3013 1621 3108 comoedia
1648 3013 1758 3089 docta
1775 3029 1889 3106 esset,

285 3153 532 3228 accusaretur,
573 3137 677 3238 quasi
704 3136 743 3207 in
770 3135 882 3221 cives,
919 3102 1177 3230 praesentibus
1213 3133 1379 3221 advenis,
1417 3159 1537 3234 aequo
1569 3111 1654 3233 plus
1687 3138 1890 3208 criminum

261 3262 536 3362 ‘congessisset
588 3257 737 3330 Addam
762 3255 809 3328 dc
834 3252 902 3325 hac
928 3280 969 3325 re
995 3252 1042 3324 G.
1066 3248 1252 3323 Dindorfii
1287 3250 1418 3324 verba:
1411 3252 1478 3310 ..52
1528 3251 1746 3326 Proxima
1776 3256 1889 3328 Dae·

287 3380 553 3457 talensibus
576 3375 672 3448 fuit
698 3387 870 3462 aetate,
897 3370 978 3445 scd
1004 3369 1172 3443 indole
1197 3371 1392 3445 multum
1419 3369 1613 3444 diversa
1634 3372 1888 3474 Babylonii

287 3500 469 3592 fabula,
492 3524 611 3600 quae
636 3495 886 3566 multorum
915 3491 1145 3588 invidiam
1168 3490 1403 3566 conflavit
1428 3490 1746 3601 Aristophani
1780 3493 1889 3570 Ani·

189 3619 193 3631 '
288 3625 461 3695 mosior
488 3624 633 3710 enim,
660 3631 709 3690 ut
734 3614 951 3704 videtur,
979 3612 1429 3713 quemDaetalenses
1453 3630 1647 3714 experta
1672 3632 1783 3709 erat,
1810 3643 1891 3720 po·

288 3741 388 3841 puli
425 3739 590 3823 fayore
628 3739 807 3828 factus,
853 3741 900 3809 in
935 3734 1226 3836 Babyloniis
1267 3760 1359 3807 non
1392 3734 1545 3809 solum
1585 3741 1888 3839 magistratus

279 3859 513 3963 ‘quosdam
549 3855 733 3932 acriter
759 3856 1037 3956 exagitavit,
1068 3852 1154 3926 sed
1186 3858 1329 3929 etiam
1354 3856 1591 3947 Cleonem,
1631 3856 1765 3957 eujus
1794 3874 1889 3936 tum

289 4008 458 4057 summa
481 3982 575 4057 fuit
599 3981 832 4054 exstincto
859 3974 1045 4049 Pericle
1071 3977 1118 4049 in
1152 3978 1349 4052 civitate
1380 3980 1612 4080 potentia,
1649 3995 1779 4054 tanto
1806 3982 1887 4054 im·

299 4117 410 4205 petu
441 4117 508 4177 est
534 4125 800 4202 aggressus,
833 4113 882 4174 ut
906 4097 1038 4172 litem
1061 4095 1244 4173 illatam
1272 4098 1365 4174 sibi
1401 4098 1597 4194 viderit,
1637 4128 1772 4204 quam
1796 4129 1885 4178 non

294 4334 579 4357 m

372 4492 418 4552 50.
439 4491 567 4569 Quaest.
589 4509 671 4550 scen.
691 4490 814 4572 specim
835 4491 857 4556 l.
879 4478 948 4574 pag.
964 4487 1014 4552 99.
1107 4494 1152 4552 5¹.
1173 4489 1252 4553 lbid.
1271 4501 1341 4574 ptg.
1360 4487 1411 4552 30.
1506 4493 1551 4558 52.
1570 4492 1784 4578 Aristophanis
1804 4497 1887 4582 l'rag·

353 4677 358 4682 ι
485 4601 600 4668 mata,
620 4610 658 4654 er
675 4610 793 4655 recens.
815 4593 853 4652 G.
871 4593 1038 4658 Diadorlii.
1071 4596 1155 4680 Lips.
1179 4591 1268 4657 1829.
1300 4591 1435 4680 pagbtl.

1243 4700 1289 4768 10
