4364 5536
949 428 1365 641 -oi-f‘*

285 723 422 819 latialeit
452 733 520 825 ont
552 721 694 803 tamtus
713 721 856 831 xlteriltlst
887 722 994 811 uua,
1033 731 1098 798 tos
1128 722 1244 820 &aare
1275 729 1331 797 tet
1361 721 1572 812 §turbarit
1604 723 1644 814 ta
1673 723 1726 800 tir
1755 722 1890 820 einaim

284 851 401 942 grater
426 846 569 944 &berg
607 839 891 920 scrutinarius
916 865 1013 941 gange
1038 845 1127 921 sset
1151 859 1219 919 tou
1241 829 1413 941 tingriaco·
1428 844 1588 942 &bergen
1614 846 1648 921 iu
1674 845 1729 932 stt)
1754 845 1890 939 eutitii,-

284 980 379 1042 ootet
404 977 503 1043 tenen
528 971 610 1061 jeser
626 964 728 1060 [einen
745 963 917 1059 ‘tllopfitr
939 961 994 1049 tid>
1009 985 1048 1060 pu
1068 963 1244 1057 tricostus
1269 973 1337 1040 unt
1362 962 1417 1069 liti)
1442 965 1523 1052 uidit
1547 987 1606 1061 um
1630 966 1678 1040 tic
1703 977 1826 1041 sutem
1849 987 1889 1062 aa
1970 1018 1972 1021 -

284 1083 488 1161 bellimmern
514 1085 634 1177 [belot.
685 1083 744 1156 Ex
770 1108 846 1185 quo
873 1079 970 1156 effici
996 1096 1118 1184 potest
1142 1085 1409 1157 sententiarum
1434 1096 1564 1184 genus,
1602 1082 1710 1184 quod
1734 1082 1895 1162 subtiles.
1932 1134 1938 1142 -

286 1195 594 1279 dissimulationes
630 1198 825 1305 exprimat,
865 1204 1103 1305 cogitationes
1135 1221 1285 1306 praeter
1312 1230 1460 1279 omnem
1488 1203 1704 1305 opinionem
1726 1207 1889 1278 invectas

286 1329 471 1400 contineat
490 1353 617 1426 eaque.
633 1325 776 1418 babeat,
805 1352 901 1428 quae
922 1354 941 1400 e
963 1327 1172 1427 longinquo
1193 1327 1370 1402 alludunt
1424 1325 1552 1423 Quare
1570 1322 1654 1425 jure
1676 1324 1889 1416 laudantur,

289 1451 357 1548 qui
383 1448 597 1548 plurimum
626 1447 765 1547 leporis
800 1474 843 1521 ac
875 1447 1093 1522 facetiarum
1114 1447 1373 1550 Aristophanis
1404 1474 1473 1521 nos
1502 1447 1631 1550 fugere
1646 1443 1890 1546 judicarunt,

287 1573 458 1671 quamvis
478 1566 595 1639 multa
617 1570 660 1638 in
684 1591 727 1638 eo
748 1567 931 1668 explicata
954 1571 1028 1642 sint
1050 1568 1286 1670 multumque
1311 1569 1504 1654 doctrinae
1522 1584 1754 1670 cqngestum;
1773 1593 1817 1642 ac
1839 1582 1891 1641 ta-

188 1719 193 1729 ·
287 1718 374 1765 men
397 1718 473 1762 una
484 1686 742 1786 Aristophanis
769 1689 895 1763 fabula
914 1688 1001 1791 plus
1022 1688 1227 1764 festivitatis
1248 1694 1443 1765 continere
1465 1690 1650 1781 videatur,
1678 1716 1792 1791 quam
1808 1688 1894 1789 plu·

288 1836 347 1884 res
382 1813 471 1882 novi
506 1812 650 1909 generis
683 1807 899 1884 comoediae
935 1810 1162 1908 conjunctae.
1216 1807 1321 1904 Quae
1354 1828 1485 1915 poetae
1515 1814 1670 1885 virtutes
1703 1825 1746 1916 ut
1776 1813 1893 1910 magis

288 1933 585 2033 perspiciantur,
606 1928 810 2005 dicendum
835 1945 903 2021 est,
932 1931 1030 2004 illud
1054 1931 1273 2006 facetiarum
1296 1961 1410 2036 genus
1437 1931 1593 2007 difficile
1616 1956 1692 2004 esse
1713 1927 1762 2002 ad
1786 1928 1892 2003 intel·

290 2053 495 2154 ligandum,
523 2054 782 2153 compositum,
819 2066 924 2125 acute
952 2049 1106 2142 dietum,
1143 2050 1210 2125 sed
1232 2067 1354 2127 tamen
1381 2056 1431 2127 ita
1455 2056 1677 2143 institutum,
1707 2065 1749 2125 ut
1769 2075 1894 2149 neque
1940 2055 1945 2066 '

290 2203 360 2250 usu
386 2179 529 2266 tritum,
567 2202 690 2276 neque
719 2172 922 2246 obscurum
955 2197 997 2244 ac
1026 2200 1247 2274 suspensum
1274 2177 1330 2248 sit.
1382 2174 1524 2248 Poterit
1551 2189 1673 2249 autem
1698 2173 1752 2264 id,
1790 2169 1896 2272 quod

291 2298 406 2371 modo
432 2297 526 2388 dixi,
568 2292 760 2368 nonnullis
790 2292 879 2366 locis
905 2293 1074 2394 probari,
1117 2299 1183 2396 qui
1211 2324 1257 2371 ex
1285 2298 1555 2398 ipsiuspoetae
1581 2292 1716 2369 fabulis
1741 2291 1893 2394 petendi

293 2420 384 2506 rint;
412 2417 492 2515 lege
512 2441 605 2514 prae
627 2417 757 2485 ceteris
777 2412 870 2486 duos
884 2415 1050 2488 Nubium
1069 2414 1183 2505 locos,
1210 2418 1275 2516 qui
1299 2445 1454 2492 acumen
1479 2413 1670 2515 quoddam
1691 2413 1896 2505 habent935·

297 2548 334 2606 et
353 2531 440 2631 justi
467 2535 623 2604 oratoris
646 2531 775 2621 verba,
799 2535 838 2603 in
858 2534 995 2630 quibus
1011 2562 1143 2633 magna
1167 2549 1221 2608 cst
1243 2538 1424 2611 sentiendi
1450 2535 1700 2608 sublilitas.³⁶·
1749 2534 1897 2611 Deinde

295 2655 416 2729 elucet
441 2653 505 2725 illa
531 2651 686 2752 quidem
711 2652 843 2722 comici
875 2651 1029 2726 facultas
1056 2681 1101 2727 ex
1126 2635 1309 2754 Equitum
1336 2655 1575 2756 lepidissimis
1600 2656 1783 2749 versibus,
1825 2685 1897 2758 per

294 2768 389 2877 quos
403 2773 508 2864 Cleo,
529 2773 640 2844 coriis
666 2768 873 2842 vendendis
900 2785 1096 2871 quaestum
1117 2773 1268 2864 faciens,
1297 2789 1332 2846 et
1351 2774 1470 2846 fartor
1493 2774 1715 2850 botulorum
1741 2779 1896 2879 gratiam

296 2910 529 2997 aucupantur
558 2893 777 2968 senescentis
816 2905 927 2992 atque
961 2895 1076 2995 inepti
1102 2895 1238 2995 populi
1265 2894 1470 2986 blanditiis,
1510 2897 1835 2973 vaticinationibus
1860 2911 1898 2973 et

294 3020 407 3094 rebus
428 3016 476 3090 ad
500 3012 730 3117 epulandum
749 3015 1047 3112 exquisitissimis
1070 3017 1340 3117 propositis.³⁷·
1391 3015 1465 3090 Sed
1485 3021 1602 3120 magis
1623 3021 1732 3094 etiam
1751 3018 1900 3117 cacellit

294 3140 430 3216 Avium
455 3137 581 3211 fabula
598 3151 633 3210 et
655 3133 871 3210 inveniendi
896 3136 1049 3211 audacia
1067 3152 1103 3211 et
1125 3164 1254 3210 rerum
1273 3136 1504 3212 mirabilium
1517 3139 1745 3242 frequentia3
1772 3138 1900 3217 eadem
1942 3180 1944 3183 ·

297 3261 454 3335 delectat
492 3259 676 3333 hilaritate
711 3271 746 3330 et
779 3254 1018 3356 jucunditate.
1071 3255 1271 3358 Quicquid
1303 3260 1400 3331 enim
1434 3275 1501 3350 est,
1543 3261 1649 3360 quod
1681 3264 1720 3333 in
1745 3259 1901 3336 historia

297 3381 471 3473 naturali,
495 3383 534 3452 in
556 3377 798 3480 mythologia,
835 3403 930 3477 quae
955 3378 1107 3470 dicitur,
1133 3381 1172 3453 in
1195 3379 1406 3481 proverbiis
1430 3380 1588 3482 aliisque
1613 3380 1725 3453 rebus
1750 3379 1797 3453 de
1824 3384 1900 3455 avi·

296 3506 368 3579 bus
386 3484 628 3576 memorabile
644 3499 818 3589 traditur,
838 3523 947 3571 omne
965 3496 1005 3570 id
1017 3501 1060 3587 in
1076 3527 1154 3573 rem
1169 3527 1271 3576 suam
1289 3515 1418 3601 argute
1438 3516 1547 3604 poeta
1566 3502 1758 3576 convertit
1794 3497 1900 3594 Quae

299 3624 453 3727 quidem
467 3625 644 3697 sententia
660 3637 701 3696 ut
718 3622 1000 3722 comprobetur,
1019 3646 1105 3693 cum
1118 3621 1254 3696 multos
1276 3648 1470 3725 opponere
1483 3629 1622 3727 possim
1639 3649 1782 3716 versus,
1797 3620 1899 3698 suffi-

298 3747 371 3818 ciat
391 3744 593 3819 nonnullos
614 3743 808 3843 indicasse,
834 3769 999 3844 quorum
1021 3757 1226 3817 memoratu
1252 3740 1461 3844 dignissimi
1488 3761 1585 3820 sunt·
1598 3747 1638 3838 ii,
1659 3747 1796 3847 quibus
1809 3747 1901 3820 anti·

299 3894 411 3969 quam
429 3869 556 3940 avium
579 3878 792 3965 potestatem
815 3868 973 3966 exprimi
992 3865 1107 3939 vides.
1121 3866 1168 3924 38.
1185 3883 1190 3887 ’
1218 3863 1438 3968 Comparari
1466 3871 1622 3969 insuper
1644 3885 1799 3969 possunt
1818 3871 1901 3942 Pei-

301 3985 474 4060 sthetaeri
496 3984 702 4059 exhortatio
714 3989 760 4047 39.
791 4001 828 4059 et
852 4009 1038 4060 sermones
1063 3987 1181 4085 ipsius
1199 3984 1286 4060 cum
1312 4002 1394 4061 vate
1426 3986 1591 4089 quodam
1610 3987 1794 4090 babiti.⁴²⁰·
1843 3991 1902 4063 Ex

300 4111 397 4182 Pace
431 4121 553 4182 autem
577 4106 817 4182 memoranda
834 4121 899 4188 ,est
924 4107 1084 4209 Trygaei
1119 4108 1315 4210 gratulatio
1350 4123 1468 4210 atque
1498 4112 1674 4185 invitatio.
1685 4110 1734 4173 ⁴¹·
1769 4112 1903 4209 ,Multa

385 4403 432 4461 35.
452 4349 590 4461 Nuba.
611 4397 682 4460 319.
703 4421 787 4486 seqq.
813 4401 896 4462 coni.
927 4423 954 4464 v.
975 4397 1044 4464 743.
1064 4368 1175 4487 seqq.¹
1240 4407 1286 4467 36.
1306 4406 1385 4473 lbid.
1413 4429 1444 4468 v.
1463 4401 1533 4468 961.
1555 4427 1639 4491 seqq.
1731 4405 1777 4464 ³⁷.
1797 4402 1904 4487 Equis

384 4510 386 4513 ’
498 4522 529 4561 v.
551 4498 638 4562 1010.
659 4523 743 4587 seqq.
828 4503 875 4564 ³8.
898 4506 954 4564 Av.
976 4526 1005 4564 v.
1026 4500 1096 4566 488.
1118 4528 1206 4594 seqq.
1286 4509 1429 4573 sathiel
1450 4508 1570 4574 v.837.
1591 4531 1675 4594 seqq·
1758 4505 1806 4567 4⁰.
1826 4504 1904 4569 lbid.

501 4626 531 4664 v.
551 4599 623 4668 963.
640 4625 726 4690 seqq.
806 4602 856 4670 41.
874 4608 949 4669 Pax.
970 4627 999 4668 v.
1018 4605 1087 4671 989.
1106 4629 1190 4693 seqq.
1260 4596 1268 4604 ’
1838 4612 1846 4631 ’

1254 4707 1364 4790 ,9⁸
