4364 5536
951 448 1303 546 -tat—·

308 700 381 774 que
398 673 571 774 scriptori
592 671 833 746 tribuendum
857 672 915 759 sit,
942 698 987 743 ex
1012 670 1149 770 quibus
1174 684 1361 770 appareat,
1382 696 1451 745 eur
1473 673 1501 748 is
1525 688 1668 748 eertum
1691 683 1820 753 rerum
1841 706 1904 783 ge-

307 820 378 869 nus
397 795 467 869 sibi
487 820 647 883 sumere,
667 795 862 887 sententias
882 818 949 866 suo
969 818 1074 864 more
1095 807 1289 864 contexere
1309 808 1420 893 atque
1443 796 1569 897 eloqui
1589 798 1760 873 voluerit.
1812 798 1911 878 Per-

307 916 426 986 tinent
444 927 566 985 autem
591 914 747 984 maxime
772 914 819 986 ad
841 915 1097 1003 elocutionem,
1124 910 1228 1010 eujus
1249 929 1311 986 aut
1330 917 1385 988 vis
1405 931 1468 989 aut
1485 920 1625 991 novitas
1651 934 1926 1003 aut‘renustas,

310 1061 354 1107 ex
379 1034 452 1107 illis
479 1032 589 1105 rebus
624 1024 778 1131 intelligi
789 1036 960 1105 'maxime
985 1033 1130 1122 debeat,
1163 1049 1205 1107 ut
1230 1037 1348 1107 omnis
1383 1035 1530 1108 dicendi
1558 1036 1678 1111 forma
1703 1043 1906 1145 aperiatur,

309 1156 512 1255 perspectis
531 1154 714 1242 omnibus,
756 1181 851 1254 quae
880 1167 943 1226 aut
968 1154 1186 1242 naturalem,
1218 1171 1280 1262 aut
1302 1155 1466 1228 fucatum
1499 1158 1657 1228 nitorem
1682 1159 1904 1256 exprimant,

310 1303 404 1376 quae
431 1290 493 1348 aut
517 1300 657 1374 aspera,
684 1288 746 1345 aut
771 1274 897 1346 mollia
921 1273 1048 1344 haberi
1082 1273 1252 1363 debeant,
1287 1290 1323 1348 et
1346 1302 1441 1377 (pirae
1466 1276 1612 1374 reliqua
1630 1290 1716 1348 sunt
1738 1264 1907 1378 ejusdem

310 1387 462 1496 generis.
513 1397 637 1469 Multo
660 1399 768 1468 etiam
793 1397 964 1495 graviora
986 1407 1071 1466 sunt
1090 1393 1152 1464 illa
1172 1393 1336 1493 (pridem,
1360 1392 1408 1465 de
1432 1394 1568 1494 quibus
1589 1395 1792 1496 loquimur,
1819 1428 1909 1481 cum

310 1515 443 1615 populi
475 1512 667 1614 eujusdam
697 1517 887 1613 ingenium
918 1538 1114 1613 moresque
1149 1540 1303 1614 prorsus
1334 1518 1467 1588 mutari
1493 1532 1711 1616 coeperunt,
1747 1536 1789 1595 ut
1816 1526 1908 1624 ipsis

280 1634 283 1639 ’
311 1636 517 1708 litterarum
543 1634 788 1706 monumentis
822 1658 918 1706 nova
955 1634 1139 1734 quaedam
1171 1637 1310 1735 species
1340 1635 1569 1708 concilietur.
1620 1639 1679 1711 Ex
1705 1668 1782 1741 quo
1804 1644 1907 1744 judi.

310 1753 471 1828 candum
496 1768 560 1843 est,
601 1779 713 1853 quam
733 1757 946 1826 *necessario
976 1779 1097 1827 sermo
1126 1752 1343 1854 litteraeque
1377 1781 1464 1828 eum
1493 1756 1724 1855 populorum
1746 1765 1906 1864 ingenio

311 1877 581 1965 contineantur,
608 1872 712 1976 equod
732 1877 812 1947 illas
832 1876 985 1976 quidem
1012 1890 1048 1947 et
1073 1902 1199 1947 creare
1220 1889 1256 1945 et
1273 1873 1442 1945 excolere
1467 1874 1602 1964 valeat,
1622 1877 1698 1949 site
1716 1881 1755 1953 in
1775 1884 1909 1957 melio-

311 2024 392 2069 rem
416 1999 492 2070 sive
519 1999 556 2068 in
582 1995 804 2068 deteriorem
829 2010 984 2094 partem,
1021 1994 1200 2098 cujusque
1229 2010 1385 2097 potestas
1414 2011 1512 2107 tanta
1540 1998 1598 2087 sit,
1636 2014 1677 2071 ut
1698 2024 1764 2072 sua
1785 2003 1906 2103 ipsius

311 2118 509 2189 mutatione
534 2118 655 2216 ipsum
672 2142 878 2199 sermonem
901 2118 1114 2219 litterasque
1138 2132 1281 2190 mutare
1306 2117 1428 2188 soleat.
1480 2114 1582 2189 Illud
1604 2131 1722 2189 autem
1742 2124 1904 2206 maxime

312 2239 348 2309 in
377 2237 596 2310 dramatieae
622 2263 771 2337 poeseos
798 2251 930 2309 natura
963 2244 1140 2328 cernitur,
1181 2266 1276 2338 quae
1309 2237 1356 2309 ad
1387 2240 1500 2309 vitam
1524 2238 1669 2310 omnino
1692 2260 1730 2311 ee
1754 2262 1907 2313 acoem-

311 2356 463 2431 modare
501 2356 591 2427 velit
630 2355 915 2452 hominibusque
944 2359 1063 2428 omnis
1095 2359 1240 2454 generis
1275 2370 1385 2453 atque
1411 2356 1552 2429 ordinis
1576 2370 1697 2456 partes
1720 2356 1906 2453 tribuere,

311 2479 375 2577 qui
401 2472 580 2548 sentiendi
608 2472 814 2573 agendique
840 2476 1020 2545 rationem
1043 2475 1263 2571 exprimant,
1288 2499 1436 2545 omnem
1456 2475 1568 2546 animi
1589 2474 1910 2574 perturbationem
1941 2532 1959 2583 ‘.

228 2646 232 2653 -
311 2621 510 2693 sensusque
537 2593 696 2667 dicendo
728 2594 929 2680 declarent,
962 2594 1037 2664 sive
1061 2592 1128 2662 soli
1157 2592 1369 2690 loquantur,
1403 2594 1478 2665 sive
1504 2620 1590 2669 eum
1615 2597 1694 2669 aliis
1717 2622 1907 2677 sermones

311 2717 512 2791 conferant.
566 2714 710 2809 Quibus
737 2741 783 2785 ex
803 2715 914 2786 rebus
936 2713 1100 2783 breviter
1123 2710 1314 2810 disputatis
1338 2712 1445 2784 faeile
1468 2714 1668 2815 colligitur,
1699 2717 1900 2816 plurimum

311 2838 468 2910 valuisse
500 2839 610 2908 totius
638 2837 766 2913 aetatis
793 2860 937 2907 morem
968 2858 1251 2930 sermonemque
1283 2833 1332 2905 ad
1361 2833 1509 2906 (licendi
1535 2861 1651 2934 genus
1681 2836 1790 2943 illu'd,
1822 2864 1897 2941 quo

311 2982 428 3029 norae
455 2953 667 3027 comoediae
694 2955 891 3050 scriptores
918 2966 1080 3040 utantur,
1117 2967 1259 3023 utnon
1287 2955 1333 3025 sit
1359 2952 1525 3045 difficile,
1564 2971 1746 3056 quantum
1769 2984 1817 3031 ex
1837 2958 1903 3031 illo

311 3101 480 3150 sermone
506 3076 726 3176 acceperint,
752 3072 890 3147 videre.
942 3069 1017 3143 Sed
1037 3097 1122 3143 eum
1142 3096 1218 3142 non
1242 3073 1386 3171 placeat
1406 3092 1586 3175 repetere,
1608 3104 1704 3177 quae
1725 3104 1842 3179 supra
1859 3078 1904 3155 de

311 3212 403 3270 statu
437 3197 607 3268 civitatis'
623 3193 853 3265 Atheniensis
886 3205 921 3261 et
953 3205 1104 3262 cunctae
1131 3190 1308 3265 Graeciae
1343 3195 1553 3270 conditione
1586 3197 1780 3297 explanata
1807 3214 1905 3290 sunt,

312 3316 527 3390 accedamus
559 3314 607 3387 ad
634 3311 887 3386 definiendum
921 3306 1141 3403 sermonem,
1182 3315 1246 3410 qui
1277 3313 1375 3385 illius
1402 3316 1515 3388 seeuli
1544 3321 1703 3391 maxime
1728 3296 1907 3421 proprius

311 3438 422 3511 suisse
447 3436 626 3507 rideatur.
679 3435 712 3507 Is
740 3449 861 3505 autem
888 3447 1012 3531 apterte
1040 3431 1277 3529 intelligetur,
1312 3459 1398 3504 eum
1423 3436 1674 3535 redegerimus
1703 3441 1741 3511 in
1769 3468 1909 3515 memo·

311 3561 417 3647 riam,
449 3570 627 3655 qumrtum
648 3555 784 3627 Graeci
808 3553 906 3625 illius
932 3554 1107 3652 temporis
1134 3553 1280 3651 ingenio
1306 3579 1373 3625 suo
1399 3555 1633 3649 indulserint,
1659 3558 1764 3659 cujus
1785 3567 1906 3638 onmis

312 3683 404 3753 ratio
431 3677 478 3749 ad
503 3704 560 3748 eas
584 3702 641 3748 res
668 3676 824 3746 maxime
851 3674 1027 3771 proclivis
1054 3689 1157 3764 esset,
1193 3700 1288 3772 quae
1318 3677 1481 3747 animum
1508 3678 1670 3751 molliter
1699 3696 1907 3783 tangerent,

312 3799 566 3874 deficientibus
591 3796 776 3884 omnibus,
800 3794 934 3893 quibus
959 3792 1157 3865 adultiora
1181 3795 1267 3865 eniti
1289 3808 1419 3892 posset.
1472 3794 1569 3868 Cum
1597 3800 1694 3871 enim
1719 3804 1839 3875 emnia
1865 3802 1910 3875 li·

311 3925 435 3997 bertas
457 3923 600 3993 concisa
624 3917 827 4004 videretur,
856 3928 898 3985 ut
922 3915 1028 3985 etiam
1054 3916 1118 4001 eis,
1145 3917 1208 4013 qui
1233 3913 1385 4002 vellent,
1410 3911 1456 3985 de
1477 3919 1597 4014 patria
1622 3919 1908 3997 benemerendi

312 4047 374 4117 aix
402 4042 483 4115 data
507 4055 598 4114 esset
616 4038 780 4126 saetdtas,
807 4049 916 4133 atque
938 4036 1154 4133 utquisque
1177 4034 1438 4107 audacissimus
1459 4051 1549 4126 erat,
1574 4039 1622 4109 ita
1645 4040 1801 4113 maxime
1827 4070 1910 4119 rem

315 4162 504 4264 publicam
530 4173 746 4259 capesseret:
786 4156 959 4256 plerique
986 4153 1096 4224 rebus
1121 4154 1193 4224 suis
1226 4153 1418 4228 eorrsulere
1442 4157 1666 4248 maluerunt,
1709 4187 1823 4260 quam
1848 4190 1909 4237 res

313 4282 480 4386 publicas
512 4305 655 4378 gerere,
690 4303 850 4375 quarum
880 4275 1147 4377 administratio
1182 4272 1357 4345 invidiam
1383 4275 1584 4377 oditmtque
1607 4293 1759 4351 crearet
1811 4282 1910 4357 Hinc

315 4404 520 4479 multorum
539 4397 716 4487 studium,
738 4422 814 4497 quo
833 4398 927 4470 vitae
947 4396 1119 4496 publicae
1138 4396 1233 4467 mala
1253 4394 1420 4468 oblivisci
1437 4397 1637 4471 voluerunt
1657 4401 1696 4473 in
1714 4402 1809 4475 vitae
1829 4406 1910 4503 pri-

312 4545 413 4601 uatae
437 4518 753 4609 delectationibus,
780 4544 874 4617 quae
898 4520 1054 4590 manime
1073 4516 1119 4591 ad
1139 4517 1343 4591 litterarum
1370 4520 1512 4593 cultum
1529 4523 1768 4620 pertinerent,
1788 4551 1911 4625 quum
