4364 5536
303 712 477 813 Denique
503 710 615 813 culpa
640 708 792 799 liberari
817 710 981 788 Pericles
1006 735 1084 787 non
1105 711 1242 814 potuit,
1265 734 1390 812 neque
1413 736 1523 787 causa
1545 713 1756 816 probabilis
1770 721 1912 800 creddi-

294 847 379 926 ‘tur,
405 832 511 939 quod
540 858 619 907 rem
644 832 939 908 molestissimam
963 839 1004 907 τὰ
1025 841 1170 930 θεωρικὰ
1195 835 1235 907 in
1254 835 1439 908 civitatem
1465 831 1640 908 invehere
1659 863 1736 913 non
1750 841 1914 921 dubita·
1987 876 1999 901 ‚

301 956 367 1030 rit.
426 952 592 1030 Omnino
626 956 692 1055 qui
720 950 950 1026 admirabilis
983 954 1056 1026 viri
1087 948 1211 1026 mores
1247 953 1469 1055 explicaturi
1502 969 1601 1047 sunt,
1643 941 1717 1034 hoc
1745 968 1911 1059 teneant,

302 1078 514 1152 necessitate
537 1077 693 1149 ductum
716 1071 803 1146 talia
826 1097 912 1146 eum
932 1073 1141 1164 instituisse,
1165 1066 1431 1173 qualia'modo
1451 1074 1799 1158 demonstravimus.
1839 1088 1913 1162 Ne-
1936 1078 1941 1083 ”

301 1224 377 1299 que
401 1199 502 1271 enim
521 1194 690 1285 habebat,
711 1191 850 1293 quibus
873 1191 1102 1268 liberalitatis
1121 1191 1286 1269 officium
1307 1198 1459 1298 explere
1481 1214 1592 1301 atque
1612 1199 1809 1280 bominum
1834 1210 1913 1284 ani·

291 1330 381 1404 'mos
403 1326 700 1418 capere“posset;
727 1308 855 1385 deerat
873 1312 1089 1412 magnitudo
1105 1312 1323 1390 divitiarum
1341 1319 1620 1423 multarumque
1638 1349 1767 1397 rerum
1784 1331 1916 1429 eopia,
1935 1343 1942 1350 '

295 1466 376 1541 qua
401 1439 571 1540 plurimi,
597 1437 662 1536 qui
686 1434 889 1535 potentiam
916 1431 1071 1534 adipisci
1090 1434 1236 1527 volunt,
1261 1433 1382 1537 juvari
1407 1442 1536 1517 solent.
1575 1441 1706 1539 'Quod
1727 1423 1911 1554 plerique

291 1554 400 1636 'illius
420 1561 543 1633 aetatis
565 1554 831 1657 intelligebant,
859 1551 1098 1645 Athenienses
1119 1581 1248 1630 avaros
1270 1583 1312 1631 ac
1330 1559 1511 1663 prodigos
1533 1590 1623 1656 esse,
1651 1570 1909 1669 pigritiae‘de-
2014 1585 2020 1592 '

292 1679 409 1773 ditos,
435 1705 567 1767 omnes
581 1678 773 1777 voluptate
796 1675 877 1776 cupi
901 1674 949 1748 ad
969 1702 1124 1778 eamque
1143 1667 1406 1779 propensiores
1425 1707 1514 1774 esse,
1539 1684 1773 1790 videndique
1790 1706 1827 1766 et
1844 1719 1909 1766 au.
1943 1696 1946 1701 ’
1994 1759 1997 1765 ,

299 1798 427 1878 diendi
457 1801 702 1876 delectatione
727 1796 825 1897 justo
851 1795 936 1896 plus
964 1792 1068 1869 duci:
1101 1795 1142 1871 id
1167 1799 1290 1898 ipsum
1313 1797 1470 1900 quidem
1495 1803 1678 1877 Periclem
1703 1835 1777 1909 pro
1804 1813 1906 1913 inge.

298 1924 350 1997 nii
371 1923 593 2024 praestantia
616 1918 748 2020 fugere
767 1944 846 1993 non
863 1917 1000 2019 potuit,
1025 1913 1092 1989 sed
1114 1940 1192 1989 non
1209 1917 1318 1990 aliam
1340 1922 1439 1995 viam
1455 1936 1583 2024 patere
1600 1920 1707 2019 ¹vidit,
1731 1931 1802 2004 nisi
1818 1927 1907 2033 ⁴ple-

290 2043 385 2119 bem
408 2042 646 2133 sublevasset,
682 2068 758 2144 qua
783 2055 819 2114 et
842 2050 959 2113 suam'
974 2036 1089 2136 ipsius
1115 2048 1152 2109 et
1171 2038 1574 2142 civitatis'dignitatem·
1594 2060 1630 2119 et
1657 2045 1772 2122 decus
1796 2055 1906 2127 susti·
1944 2088 1946 2093 ¹

296 2190 387 2240 nere
411 2162 514 2265 apud
533 2162 697 2239 Graecos
719 2174 853 2264 posset.
906 2154 1012 2252 Quae
1036 2159 1066 2231 si
1094 2160 1364 2261 respiciuntur,
1380 2263 1382 2268 ,
1396 2186 1474 2269 non
1495 2157 1654 2236 nimium
1681 2168 1905 2269 increpandi

295 2288 398 2363 illins
424 2288 495 2362 viri
517 2311 640 2360 mores
663 2296 769 2376 sunt;
793 2279 865 2354 boc
886 2294 986 2353 certe
1014 2280 1118 2382 apud
1142 2306 1270 2356 omnes
1296 2293 1449 2374 constat,
1475 2296 1603 2382 postea
1627 2283 1780 2365 demum
1803 2295 1905 2369 cives

296 2408 515 2486 assuefactos
538 2433 614 2482 esse
635 2407 811 2507 cogitare,
838 2400 943 2502 quasi
974 2398 1142 2476 officium
1163 2388 1320 2476 civitatis
1339 2418 1443 2511 esset,
1460 2419 1502 2479 ut
1522 2429 1583 2480 eos
1604 2405 1730 2482 aleret
1784 2410 1905 2506 Quod

295 2548 417 2607 autem
442 2529 483 2605 lit
508 2525 710 2619 interdum,
748 2538 789 2597 ut
814 2521 994 2614 homines,
1018 2526 1049 2598 si
1075 2525 1152 2598 otio
1175 2524 1362 2612 fruantur,
1399 2549 1509 2598 suum
1534 2527 1729 2628 quoddam
1756 2535 1904 2611 institu·
1935 2611 1937 2615 ,

291 2669 373 2728 tum
395 2644 601 2752 sequantur
634 2672 676 2721 ac
701 2647 933 2748 potissimum
963 2645 1002 2716 in
1033 2643 1162 2744 aliquo
1187 2668 1324 2740 genere
1349 2641 1470 2714 laudis
1501 2645 1674 2723 studeant
1702 2653 1901 2747 excellere,

294 2774 465 2878 quamtis
487 2767 596 2844 saluti
618 2767 785 2838 omnium
809 2765 1029 2873 pestiferum
1052 2767 1115 2841 sit:
1142 2761 1182 2837 id
1205 2762 1364 2835 maxime
1382 2759 1613 2841 Athenarum
1635 2771 1781 2850 civibus
1807 2780 1902 2851 'acci-

293 2895 363 2987 dit,
413 2894 480 2994 qui
517 2893 557 2962 in
592 2911 638 2961 eo
672 2886 898 2989 plerumque
938 2887 1186 2973 elaborarent,
1233 2894 1276 2954 ut
1309 2882 1451 2981 magnis
1483 2888 1685 2986 propositis
1716 2920 1798 2968 rem
1828 2923 1900 2998 pn-

290 3014 432 3092 blicam
455 3025 605 3115 possent
629 3035 830 3111 capessere.
882 3007 1057 3105 Quorum
1081 3000 1237 3107 quidem
1260 2997 1384 3074 studio
1405 3003 1490 3101 quis
1516 3031 1594 3080 non
1619 3012 1745 3089 videat
1769 3015 1897 3120 angeri

291 3137 414 3242 plebis
440 3135 641 3237 imperium
668 3127 860 3236 potuisse?
897 3129 1077 3229 Plerique
1102 3137 1236 3213 nutem,
1261 3120 1328 3221 qui
1354 3118 1403 3195 ud
1428 3124 1584 3235 cititatis
1611 3131 1900 3215 administratioss

291 3287 379 3335 nem
402 3285 443 3333 se
465 3257 710 3360 applicarent,
740 3248 991 3328 multitudinis
1016 3243 1158 3349 judicio
1184 3242 1415 3336 ferebantur,
1441 3270 1616 3351 quaeque
1638 3255 1769 3356 majori
1795 3264 1896 3361 parti
1932 3249 1949 3346 J

289 3381 545 3487 pulcherrima
566 3378 805 3469 ridebantur,
831 3403 873 3450 ea
891 3372 1050 3447 maximo
1072 3364 1305 3467 exoptabant
1356 3366 1486 3470 ltaque
1506 3377 1898 3483 nonnullinprincipes

290 3503 331 3578 id
355 3504 588 3603 potissimum
612 3499 878 3598 sequebantur,
920 3481 1112 3592 ‹pitoutotlo
1144 3483 1267 3589 plebis
1290 3489 1571 3567 multitudinem
1597 3497 1760 3597 puhlicis
1780 3498 1897 3584 ‚bonis

288 3625 521 3726 locupletare
542 3636 703 3724 possent,
727 3618 893 3720 neglectu
913 3606 1050 3713 singuli
1072 3603 1255 3712 cujusque
1274 3610 1367 3688 ciris
1385 3612 1594 3715 diligentia3
1622 3619 1738 3721 idque
1755 3648 1801 3696 eo
1818 3650 1898 3698 sae-

290 3751 375 3850 pius
395 3745 475 3820 fieri
495 3743 650 3830 solebat,
672 3765 750 3841 quo
771 3738 885 3841 ningit
906 3762 986 3813 tettt
1004 3730 1196 3839 publicam
1213 3758 1319 3811 susm
1339 3737 1608 3830 existimabant,
1621 3736 1728 3839 cujus
1751 3741 1898 3820 raditis

290 3870 330 3943 in
354 3891 483 3942 omnes
509 3858 705 3938 dividendi
733 3871 861 3936 essent.

386 4142 582 4215 Praeterea
602 4117 725 4229 etiam,
748 4149 789 4212 ut
809 4147 980 4211 eottstnrc
998 4137 1037 4213 in
1055 4138 1153 4215 ritae
1174 4136 1424 4239 perpetuitate
1445 4147 1596 4237 possent
1619 4131 1768 4208 sibimet
1789 4135 1894 4236 ipsis,

287 4278 401 4339 totam
420 4265 556 4337 civium
581 4264 694 4337 ritant
712 4258 874 4335 Pericles
900 4260 949 4334 itn
971 4258 1231 4347 constituebat,
1256 4271 1298 4331 ut
1320 4253 1622 4357 splendidissima
1646 4271 1724 4328 esse
1745 4253 1895 4332 videre·

287 4402 368 4477 tur3
394 4413 471 4486 qua
496 4382 652 4485 quidem
678 4408 719 4455 re
740 4406 815 4455 nnn
835 4380 958 4454 minus
983 4362 1158 4481 publicae
1179 4379 1289 4454 saluti
1315 4375 1513 4452 officiebat.
1564 4375 1622 4449 Eo
1648 4377 1762 4467 enim,
1785 4377 1895 4480 quod

287 4508 398 4582 festos
421 4507 503 4581 dies
526 4532 570 4579 ac
595 4527 764 4606 pompas,
802 4500 940 4605 quibus
969 4503 1069 4575 eires
1094 4498 1271 4597 delectari
1298 4512 1462 4600 possent,
1502 4496 1567 4573 tali
1598 4520 1685 4571 cutm
1708 4508 1894 4599 apparatu

286 4627 511 4718 celebrabat,
535 4627 639 4729 quali
658 4646 866 4728 unusquam
884 4632 990 4697 antea
1012 4619 1151 4696 fanon
1172 4633 1265 4711 emt,
1284 4617 1435 4694 emm
1450 4616 1651 4701 libidinem
1671 4619 1891 4724 voluptatis-
1919 4650 1924 4659 ·
