4364 5536
349 812 516 891 Omnino
549 824 672 888 autem
704 810 771 914 qui
800 811 1007 913 imaginem
1027 811 1124 885 vitae
1148 805 1430 893 Atheniensium
1462 835 1704 916 morumque,
1729 819 1867 921 (μιῆς

251 964 424 1042 expressa
448 951 515 1030 est,
539 962 629 1011 vere
650 935 866 1021 institutam
880 933 1073 1026 concedet,
1100 934 1130 1008 is
1154 931 1349 1033 intelliget,
1374 960 1451 1008 non
1475 935 1542 1011 diu
1566 964 1648 1012 rem
1671 939 1868 1040 publicat

248 1077 347 1136 stare
367 1063 545 1163 potuisse,
570 1085 688 1160 quam
710 1079 821 1131 nemo
844 1056 943 1130 tueri
967 1054 1093 1171 vellet,
1119 1080 1292 1155 quaeque
1312 1055 1438 1131 multis
1463 1058 1503 1132 in
1528 1061 1699 1160 partibus
1719 1061 1877 1159 deseca.

249 1179 453 1257 videretur.
493 1177 679 1255 -Coneidit
704 1181 818 1281 igitur
849 1180 968 1253 omnis
998 1177 1164 1268 libertas,
1195 1175 1386 1275 simulque
1407 1177 1608 1253 concidens
1640 1198 1865 1282 mercatura,

127 1372 129 1376 a
250 1305 418 1378 omnium
432 1302 600 1396 felicitas,
622 1303 832 1378 litterarum
850 1304 1063 1402 artiumque
1082 1298 1263 1387 studium,
1289 1296 1337 1370 ad
1350 1320 1515 1397 ,poeseos
1538 1301 1684 1377 cultum
1704 1310 1865 1385 maxime

248 1426 450 1526 pertinens.
500 1423 602 1498 Illud
628 1427 790 1499 enimin
817 1438 998 1526 promptu
1025 1438 1091 1513 est,
1132 1425 1172 1496 in
1206 1420 1333 1494 liberis
1360 1434 1504 1494 tantum
1528 1425 1681 1526 populis
1707 1441 1748 1503 et
1768 1426 1863 1530 juris

144 1622 150 1627 ,
249 1546 506 1648 aequabilitate
530 1548 689 1647 optimas
712 1546 853 1621 litteras
878 1572 921 1619 ae
951 1547 1155 1648 praecipue
1180 1546 1311 1645 poesin
1335 1541 1471 1616 florere
1497 1540 1534 1616 et
1556 1545 1683 1644 rigere
1707 1571 1863 1629 eonsue-

247 1669 356 1760 visae,
381 1694 468 1743 cum
488 1667 650 1742 eruditio
676 1682 713 1744 et
736 1667 909 1743 doctrina
929 1667 1134 1741 incivitate
1155 1665 1265 1738 etiam
1284 1665 1567 1764 circumscripta
1590 1690 1759 1744 creseere
1776 1696 1862 1775 pos·

248 1791 335 1864 sint:
355 1787 472 1892 idque
490 1792 653 1893 pertinet
675 1790 725 1866 ad
749 1790 846 1866 illud
865 1805 1023 1891 tempus,
1043 1786 1150 1890 quod
1175 1785 1344 1862 dicimus.
1383 1787 1456 1861 Ubi
1478 1787 1599 1861 omnia
1618 1790 1732 1866 animi
1749 1793 1861 1881 uben-

246 1923 300 1984 taa
320 1934 363 1984 ac
387 1913 496 2013 copia
520 1938 596 1987 esse
616 1911 737 2004 desiit,
762 1938 859 2013 quae
880 1911 1154 1986 multa'tulerat
1175 1907 1370 2010 praeclara
1402 1916 1534 2008 eaque,
1566 1928 1663 2011 quse
1679 1909 1859 1990 admirari
1888 1913 1892 1919 ’
1933 1990 1938 1997 ,

246 2030 444 2106 soleamus:
468 2033 605 2108 eruditi
631 2047 745 2134 atque
768 2029 974 2134 prudentes
1000 2032 1088 2105 artis
1112 2044 1364 2121 monumenta,
1405 2042 1630 2130 quacunque
1652 2032 1856 2127 exstabant,

247 2170 511 2254 congesserunt
529 2170 710 2258 certoque
726 2151 868 2256 judicio
888 2151 1162 2255 ponderarunt,
1184 2154 1224 2226 iu
1245 2169 1483 2253 posterorum
1497 2151 1688 2227 utilitatem
1706 2178 1852 2229 conser-

246 2289 384 2349 vantes.
436 2273 630 2371 Quantum
651 2290 775 2350 autem
796 2275 851 2349 illi
877 2272 1099 2374 quidem‘in
1123 2272 1257 2346 litteris
1280 2271 1455 2361 colendis,
1473 2272 1680 2364 effecerunt,
1703 2286 1855 2350 tantum

246 2394 336 2494 ipsis
366 2392 632 2470 florentissimis
663 2395 844 2471 Graeciae
881 2392 1114 2493 temporibus
1145 2418 1280 2493 parum
1317 2394 1495 2485 cessisset,
1541 2392 1678 2496 quibem
1713 2391 1857 2471 deesset

245 2515 362 2590 otium
386 2516 576 2617 animique
598 2515 862 2618 tranquillitas,
887 2537 984 2612 quae
1006 2510 1056 2584 ad
1081 2538 1140 2586 res
1164 2513 1245 2587 illas
1262 2511 1511 2590 conficiendas
1533 2517 1693 2608 omuino¹
1711 2512 1856 2626 deside-

244 2649 359 2710 ratur.
410 2635 465 2710 Ne
487 2649 612 2710 tamen
644 2638 732 2738 quis
753 2632 1010 2722 obliviscatur,
1043 2630 1362 2731 quemadmodum
1387 2635 1503 2735 paulo
1525 2648 1611 2710 ante
1635 2634 1730 2730 dixi,
1761 2638 1854 2740 quid

243 2755 308 2829 illa
331 2770 501 2856 tempora
538 2755 588 2830 ad
618 2781 767 2830 omnem
790 2779 944 2857 poeseos
964 2755 1146 2827 rationem
1174 2754 1373 2847 valuerint,
1408 2754 1515 2858 cujus
1556 2758 1744 2853 institutio,
1773 2759 1853 2849 talio

1 2891 7 2898 '
121 2912 125 2920 ·
244 2890 348 2967 esset,
370 2891 412 2949 ut
440 2891 573 2976 poetae
607 2877 745 2975 ingenii
771 2873 998 2948 fecunditate
1022 2873 1186 2949 destituti
1212 2874 1477 2981 doctrinaeque
1512 2879 1852 2983 nitoreeonapiast

244 2997 409 3071 earmina
431 3009 712 3094 componerent,
733 3019 832 3093 quae
850 2995 965 3092 magis
985 2992 1034 3066 ad
1058 2996 1146 3068 artis
1171 2996 1284 3108 leges,
1303 3027 1418 3102 quam
1439 3000 1490 3074 ad
1511 3004 1678 3079 veritatis
1703 3002 1854 3080 laudem

243 3116 383 3197 directa
421 3115 621 3191 rideantur
665 3117 780 3218 inque
815 3113 937 3188 forma
971 3112 1071 3214 plus,
1111 3141 1226 3215 quam
1263 3121 1302 3192 in
1348 3138 1568 3222 argumento
1605 3124 1851 3203 elaborarent
1912 3200 1918 3209 ,

243 3234 358 3336 Quod
382 3252 506 3312 autem
529 3237 579 3312 de
603 3251 681 3312 toto
706 3240 826 3341 poesis
853 3264 989 3340 genere
1016 3237 1247 3331 dictumest,
1272 3241 1315 3316 id
1340 3243 1513 3320 latissime
1536 3262 1649 3348 patet,
1676 3264 1720 3329 ut
1745 3250 1852 3325 etiam

242 3359 281 3431 in
313 3358 528 3434 comoediae
559 3363 702 3435 ratione
734 3364 837 3436 cerni
875 3360 1059 3434 videatur.
1109 3363 1165 3434 Ea
1196 3365 1297 3438 enim
1327 3392 1424 3440 nora
1455 3384 1675 3468 argumenta
1705 3396 1850 3446 sumere

240 3477 410 3571 debebat,
436 3507 523 3555 eum
545 3508 670 3582 neque
686 3483 859 3583 publicae
883 3483 980 3554 ritae
1003 3483 1262 3581 praesentiam,
1290 3483 1608 3586 quemadmodum
1627 3488 1734 3591 apud
1751 3505 1849 3566 vete-

239 3627 299 3676 res
325 3605 488 3676 comicos
512 3601 655 3676 tactum
679 3614 771 3693 erat,
795 3628 917 3703 neque
944 3630 1005 3678 res
1026 3606 1065 3678 in
1091 3604 1222 3680 litteris
1248 3623 1434 3684 versantes
1457 3624 1574 3712 atque
1596 3610 1646 3686 ad
1669 3613 1848 3714 praeteri·

238 3736 318 3795 tum
334 3737 480 3824 tempus
501 3723 742 3821 pertinentes,
760 3737 802 3795 ut
821 3722 934 3798 medii
956 3741 1086 3826 poetae
1108 3728 1352 3822 instituerant,
1377 3747 1539 3807 tractare
1561 3744 1697 3832 posset
1749 3729 1851 3827 Qua·
1894 3734 1898 3741 ’
1938 3774 1940 3779 ·

185 3860 198 3877 “
238 3839 287 3915 lia
311 3855 432 3914 autem
458 3840 599 3916 fuerint
628 3856 858 3942 argumenta,
893 3843 933 3918 id
960 3861 1040 3920 tum
1066 3863 1233 3949 apparet,
1271 3875 1358 3923 cum
1390 3849 1706 3925 consideravimus
1737 3853 1851 3929 totius

238 3961 362 4036 aetatis
384 3963 579 4055 rationem,
616 3966 776 4066 quaein
801 3965 914 4040 rebus
941 3968 1182 4060 observandis
1207 3983 1243 4044 et
1269 3969 1501 4071 explicandis
1523 3976 1700 4075 occupari
1724 3974 1848 4052 vellet.

236 4086 286 4158 Ut
305 4086 405 4158 enim
424 4082 560 4156 eruditi
582 4084 749 4162 homines
768 4091 867 4162 vitae
886 4089 1067 4163 humanae
1090 4102 1214 4189 partes
1238 4089 1595 4191 complectebantur,
1618 4108 1661 4168 ut
1678 4096 1848 4194 ostende·

236 4219 331 4296 rent,
364 4208 402 4277 in
427 4231 501 4306 qua
527 4233 570 4278 re
597 4224 815 4282 cerneretur
839 4222 901 4282 aut
920 4209 1067 4282 bonitas
1091 4207 1218 4298 animi,
1245 4223 1309 4282 aut
1341 4214 1517 4311 pravitas:
1555 4217 1605 4290 ita
1630 4219 1766 4295 comici
1789 4245 1850 4297 eas

236 4354 295 4401 res
320 4330 474 4400 omnino
500 4326 715 4403 describere
738 4328 915 4404 volebant
938 4352 1233 4430 supraponere,
1259 4330 1415 4430 quaein
1441 4336 1711 4415 consuetudine
1732 4342 1846 4419 offen·

236 4446 501 4550 derent'atque
522 4452 732 4525 societatem
752 4449 948 4524 hominum
969 4445 1343 4553 conjunctionemque
1362 4452 1557 4532 violarent.
1608 4459 1668 4534 Ex
1693 4470 1772 4566 quo
1791 4465 1849 4539 in·
1886 4534 1889 4541 .

233 4570 426 4672 telligitur,
443 4597 511 4649 nos
532 4598 608 4647 non
628 4571 793 4646 assentiri
804 4567 1026 4670 Scblegelio,
1053 4571 1119 4675 qui
1140 4595 1276 4648 novam
1290 4575 1522 4658 comoediam
1541 4583 1701 4659 mixtum
1725 4581 1847 4688 quod·
1915 4604 1918 4609 ’
