4364 5536
738 416 1084 627 -’-ιιι---Ι

28 806 31 811 y
131 718 193 793 tis
201 680 372 817 praeivit,
404 713 445 789 id
468 716 579 790 situm
601 715 718 830 estin
744 712 991 792 describenda
1016 714 1110 790 ebrii
1136 724 1309 817 persona,
1343 744 1456 819 quam
1480 744 1660 829 persaepe
1686 723 1725 794 in

105 847 276 914 ‘stenem
308 837 540 929 induceret,-
537 863 740 938 (suaeque
750 836 886 911 deinde
918 836 1011 912 adeo
1037 838 1223 939 placere
1213 841 1407 939 inciperet,
1448 855 1490 915 ut
1513 840 1726 919 fabularum

128 985 312 1034 summam
336 958 495 1034 efficere
515 972 649 1059 posset
700 959 766 1032 Ex·
783 984 864 1059 quo
895 984 1060 1059 genere
1056 975 1123 1051 est,
1158 975 1199 1033 ut
1225 961 1395 1060 exemplo
1427 975 1525 1051 utar,
1557 959 1726 1035 Alexidis
1760 990 1789 1001 ··

127 1083 301 1172 Πάροινος,
332 1076 436 1179 cujus
465 1083 575 1152 om'ire
599 1093 858 1178 argumentum
883 1081 925 1152 in
951 1079 1244 1156 ebriihominis.
1267 1077 1512 1158 delineatione
1543 1081 1726 1171 consistat,
1816 1084 1818 1089 ’

56 1280 58 1286 ,
128 1203 276 1294 omisso,
305 1188 417 1302 quod.
433 1213 530 1272 nora
552 1198 741 1273 comoedia
768 1200 874 1275 idem.
891 1201 1084 1275 hominum
1106 1221 1222 1302 genus
1244 1200 1359 1275 multa
1382 1209 1471 1273 e'um
1495 1213 1573 1274 arte
1599 1226 1728 1299 repre·

128 1324 292 1396 sentarit.
343 1322 466 1395 Multo
488 1322 602 1419 magis
625 1319 768 1418 placuit
790 1320 1137 1422 parasitipersona,
1162 1350 1258 1425 quae
1281 1348 1368 1396 cum
1392 1322 1546 1395 omnino
1566 1320 1726 1395 ridicula

129 1446 479 1542 essetmaximeque
512 1438 725 1513 comoediae
744 1441 884 1513 'rationi
913 1443 1198 1538 accommodata,
1212 1506 1216 1511 .
1232 1447 1400 1519 omnium
1431 1457 1626 1557 puetarum
1650 1458 1726 1518 stu·

128 1561 236 1636 dium
260 1566 442 1661 excitavit
493 1563 559 1635 Est
582 1576 703 1667 tamen
726 1564 979 1636 controversia
1001 1565 1185 1665 praedam
1209 1567 1307 1639 inter
1327 1579 1483 1653 veteres,
1508 1566 1597 1653 utri,
1621 1567 1725 1639 Sicu-

125 1682 253 1757 lorum
279 1712 325 1757 an
351 1675 645 1776 Atheniensium,
676 1696 819 1783 'poetae
849 1684 993 1782 priores
1027 1683 1122 1758 hanc
1152 1675 1349 1787 personam
1373 1685 1413 1756 in
1438 1709 1589 1758 scenam
1611 1688 1727 1759 intro·
1781 1765 1786 1779 ,

130 1804 318 1895 duxerint,
344 1820 388 1878 ut
404 1804 546 1905 ambigi
561 1805 688 1905 possit,
713 1806 808 1879 utris
829 1803 1042 1899 inveniendi
1060 1804 1143 1882 laus
1160 1803 1350 1878 tribuatur
1367 1829 1513 1880 neeesse
1533 1808 1590 1880 sit
1642 1805 1728 1902 Qua

129 1924 177 1998 de
203 1952 247 2051 re
269 1951 347 2000 non
371 1927 534 2001 alienum
562 1928 631 2000 erit
656 1924 830 2026 adjicere,
858 1951 955 2025 quae
980 1926 1189 2000 Meinelrius
1214 1925 1286 2000 hoc
1308 1927 1424 2002 modo
1446 1927 1659 2027 disputavit.
1680 1925 1728 1986 59.

38 2033 41 2039 ⁴
130 2046 180 2118 In
204 2028 464 2123 rescenica
488 2073 544 2120 an
570 2045 827 2148 quidquam
852 2049 1103 2122 novaverit
1127 2048 1308 2138 Alexis,
1346 2075 1437 2127 non
1463 2048 1591 2145 sotis·¹
1610 2071 1728 2120 com·

128 2182 314 2267 partum
340 2181 424 2259 est3
456 2193 557 2242 nam
583 2166 708 2269 quod
733 2166 978 2266 Carystius
1004 2167 1353 2268 Pergamenus
1342 2198 1390 2245 ιιι
1416 2170 1547 2244 libro
1571 2133 1638 2242 de
1649 2168 1728 2241 Di·

130 2285 355 2364 dascaliis
388 2289 514 2391 apud
539 2289 698 2364 Athen.
720 2289 787 2364 vl.
812 2296 953 2390 peso.
981 2314 1013 2362 e.
1041 2292 1254 2391 scripsit.
1282 2295 1358 2364 τὸν
1392 2303 1464 2364 sals
1501 2293 1729 2380 λεγόμενοι

130 2405 363 2496 παράσιτοι
401 2413 629 2492 εὑρεθῆναι
670 2412 746 2474 ὑπὸ
780 2409 947 2492 πρώτου
979 2407 1205 2496 uastitas,
1247 2413 1346 2511 ipse
1387 2411 1565 2487 refutat
1596 2411 1729 2486 Athe.

130 2546 294 2610 naeus,
332 2518 504 2593 docens
539 2520 646 2610 ille,
685 2521 890 2619 parasiti
927 2546 1178 2620 personam
1208 2529 1463 2603 induxisse
1498 2530 1589 2628 jam
1619 2532 1727 2631 Epi·
1859 2557 1863 2566 ·

131 2641 367 2715 charmum
396 2642 441 2713 in
461 2643 549 2740 Spe
580 2639 655 2713 rel
686 2638 827 2711 Pluto
860 2653 902 2711 et
932 2639 1217 2739 Eupolidem
1247 2645 1292 2717 in
1315 2643 1725 2743 Assentatoribus,

129 2762 314 2834 nomine
340 2774 491 2832 autem
514 2764 766 2851 παρασίτου
782 2770 888 2829 ante
915 2754 1167 2831 Alexidem
1199 2787 1328 2836 usum
1361 2792 1459 2842 esse
1481 2768 1728 2846 Ararotem

131 2882 177 2953 in
203 2880 483 2993 Hymenaeo.
526 2874 621 2948 Cfr.
648 2873 847 2950 Geelius
874 2878 1057 2954 inBibl.
1084 2879 1268 2951 eritIV.
1292 2909 1330 2983 p
1354 2893 1411 2979 19.
1462 2890 1550 2966 Nec
1576 2908 1727 2968 tamen

130 2999 185 3072 de
222 2996 381 3078 nihilo
420 3019 515 3068 esse
558 2991 776 3085 videtur,
799 2997 936 3096 quod
979 2997 1103 3073 dixit
1133 2998 1401 3102 Carystius,
1437 3008 1570 3109 cujus
1610 3011 1725 3088 hanc

129 3130 328 3191 mentem
365 3112 509 3187 fuisse
542 3113 785 3210 suspicor,
821 3129 869 3191 ut
899 3119 1096 3215 parasiti
1132 3133 1176 3191 et
1209 3126 1396 3200 nomine
1430 3143 1475 3203 et
1506 3158 1726 3232 persona,

132 3235 319 3339 qualem
350 3231 571 3367 plerique
604 3245 766 3330 postea
800 3233 1073 3308 comoediae
1106 3254 1321 3317 auctores
1351 3271 1726 3350 proposuerunt,

130 3356 392 3461 Atticorum
417 3352 706 3424 comicorum
739 3354 941 3452 primum
965 3356 1170 3467 omnium
1191 3360 1439 3442 Alexidam
1468 3398 1602 3447 usum
1629 3400 1726 3449 esse

132 3455 433 3552 existimaret.
486 3472 567 3544 Hoc
585 3473 719 3611 igitur
752 3489 855 3549 extra
889 3503 998 3552 omne
1039 3476 1198 3555 dubium
1235 3487 1397 3585 positum
1432 3506 1504 3581 est,
1552 3496 1726 3592 parasito·

130 3626 219 3680 rum
244 3610 419 3698 personas
438 3595 612 3667 omnium
631 3595 676 3668 in
692 3596 862 3671 d·eliciis
879 3595 1005 3687 fuisse,
1039 3610 1179 3672 utnon
1203 3603 1356 3678 modo
1343 3610 1416 3706 joci
1447 3637 1575 3687 earum
1601 3615 1726 3693 multis

132 3719 269 3795 fabulis
296 3715 452 3790 immixti
481 3718 567 3807 sint,
596 3742 727 3791 verum
759 3718 868 3790 etiam
898 3715 937 3787 in
961 3717 1151 3791 nonnullis
1185 3723 1324 3821 primas
1348 3730 1502 3828 egerint,
1535 3730 1639 3831 eujus
1671 3738 1726 3810 rei

54 3912 57 3916 .
132 3855 240 3919 testes
263 3852 349 3912 sunt
370 3834 539 3910 Alexidis
561 3850 596 3910 et
614 3834 834 3938 Antiphanis
857 3837 1068 3912 comoediae
1090 3837 1221 3916 eodem
1238 3848 1388 3922 nomine
1408 3851 1614 3955 inscriptae.
1651 3860 1726 3934 Nec

133 3985 223 4039 sero
248 3959 428 4035 continuit
451 3982 528 4032 sese
553 3959 733 4058 parasitus
758 3954 990 4033 Graecorum
1006 3958 1166 4060 fabuli83
1196 3967 1368 4067 migrarit
1392 3973 1570 4051 etiamad
1595 3981 1725 4052 Roma·

133 4108 214 4172 nos,
238 4082 302 4183 qui
329 4105 415 4153 cum
438 4080 478 4153 in
501 4077 580 4150 aliis
603 4076 743 4166 multis,
766 4089 847 4150 tum
871 4077 909 4149 in
933 4076 1001 4151 hac
1019 4105 1061 4152 re
1081 4078 1273 4160 Graecos
1264 4091 1396 4165 imitari
1422 4095 1568 4171 vellent
1621 4096 1724 4193 Quae

132 4218 255 4279 autem
279 4201 325 4277 sit
344 4199 438 4272 ratio
463 4179 712 4287 describendi,
732 4196 927 4295 quainter
951 4196 1040 4277 alios
1058 4200 1209 4280 Plautus
1232 4211 1284 4283 uti
1307 4211 1414 4303 solet,
1443 4211 1491 4287 de
1513 4239 1557 4289 eo
1581 4218 1724 4294 erudite

138 4419 424 4440 *-

159 4551 162 4558 ¹
220 4584 265 4642 59.
289 4583 418 4660 Quaest.
436 4576 562 4679 specim
577 4579 625 4639 111.
659 4600 729 4664 pag.
749 4579 797 4642 29.
874 4556 877 4561 Ι
916 4575 920 4582 ’
997 4632 1001 4641 .
