4364 5536
962 525 1021 545 ...
1073 481 1245 575 92...

210 701 214 715 ‘
306 733 383 815 quo
402 704 546 783 facilius
565 705 683 779 malae
707 702 968 806 consuetudini
989 704 1158 781 resistere
1177 717 1315 805 posset,
1328 728 1393 824 res
1412 704 1509 778 bene
1533 705 1681 779 insituta
1704 703 1907 782 ridebitur.

298 829 423 928 Quod
438 844 493 904 est
511 821 782 929 gravissimum,
806 825 880 900 hue
900 827 1130 918 addixdebat,
1152 831 1446 918 Socratemcum
1465 823 1591 898 multis
1610 820 1909 926 conjunctissime

302 955 452 1042 vixisse,
485 952 552 1052 qui
574 964 638 1023 aut
655 948 804 1050 Physiei
832 961 963 1041 essent,
989 962 1052 1020 aut
1077 945 1282 1047 sophistae,
1309 959 1372 1018 aut
1395 946 1604 1059 societatem
1630 945 1668 1017 in
1695 940 1911 1049 impugnata¹
1944 943 1954 959 '

237 1068 242 1079 ’
303 1076 426 1149 aetatis
438 1074 581 1146 ratione
594 1070 787 1159 haberent,
807 1082 861 1158 ut,
879 1064 984 1167 quod
1003 1068 1041 1139 in
1060 1070 1249 1140 Socratem
1266 1081 1444 1168 tanquam
1465 1081 1654 1138 auctorem
1671 1080 1785 1167 atque
1803 1069 1908 1167 prin-

303 1197 426 1298 cipem
449 1193 651 1283 diceretur,
670 1189 792 1264 ex'his
815 1187 955 1262 firmari
978 1191 1181 1289 augerique
1202 1200 1336 1288 posset
1372 1188 1432 1260 Ex
1451 1211 1527 1288 quo
1548 1187 1782 1288 intelligitur,
1801 1189 1912 1290 quod

267 1328 271 1337 '
302 1307 456 1390 othnino
483 1311 687 1387 tenendum
717 1325 771 1385 est
800 1311 839 1403 in
867 1309 1010 1410 judicio
1035 1324 1180 1382 nostro:
1226 1309 1476 1408 nequeenim
1499 1334 1632 1380 rerum
1655 1307 1844 1383 hominem
1869 1312 1911 1385 in

300 1432 516 1538 philosophi
540 1459 702 1535 persona
725 1430 877 1534 aggredi
902 1445 1012 1531 poeta
1036 1428 1169 1518 voluit,
1193 1427 1261 1501 sed
1285 1432 1465 1528 temporis
1489 1444 1673 1521 naturam,
1720 1457 1834 1533 quam
1851 1451 1910 1508 ¹eo

299 1557 416 1658 magis
441 1554 641 1629 ridiculam
664 1556 905 1654 ineptumque
932 1551 1115 1648 exagitare
1140 1551 1275 1650 potuit,
1300 1573 1379 1650 quo
1402 1554 1518 1651 magis
1544 1576 1697 1650 operam
1722 1550 1841 1645 dedit,
1867 1566 1912 1628 ut

208 1714 211 1720 ι
299 1679 500 1780 imaginent
523 1673 764 1747 adumbraret
783 1669 832 1742 ad
850 1671 1009 1742 animale
1028 1670 1241 1770 exemplum
1260 1673 1413 1744 omnino
1435 1674 1693 1772 pertinentem.
1719 1672 1797 1746 Nec
1815 1696 1908 1748 vero

191 1781 200 1791 ⁸
298 1801 426 1874 omnia
449 1796 609 1871 esraitae
634 1791 776 1865 ratione
800 1787 956 1863 formari
981 1803 1201 1891 potuerunt3
1229 1780 1346 1864 multa
1365 1793 1405 1864 in
1424 1792 1525 1882 illius
1544 1791 1726 1892 personae
1745 1791 1908 1872 delinea-

297 1921 399 1996 tione
421 1921 540 1992 inesse
562 1905 761 2003 debebant,
795 1937 890 2012 quae
910 1910 1104 1983 veritatem
1128 1906 1362 2000 excederent,
1394 1926 1435 1984 ut
1461 1908 1659 1986 artificiosa
1682 1909 1789 1986 fieret
1804 1936 1906 1990 com-

296 2040 448 2142 positio,
481 2051 594 2137 atque
620 2030 761 2133 majore
785 2031 823 2103 vi
854 2030 980 2101 omnia
1007 2030 1320 2130 exprimerentur.
1378 2031 1544 2106 Pertinet
1576 2045 1699 2106 autem
1723 2040 1905 2136 temporis

296 2162 407 2249 ratio,
434 2183 549 2258 quam
568 2154 713 2255 saepius
734 2149 910 2238 diximus,
929 2147 979 2220 ad
998 2148 1124 2223 litium
1149 2151 1378 2251 agendarum
1401 2151 1644 2253 cupiditatem
1668 2155 1762 2227 aeris
1787 2153 1900 2232 alieni

295 2278 553 2383 magnitudine
577 2268 783 2364 excitatam,
812 2297 907 2370 quae
927 2269 1111 2369 pabulum
1134 2271 1353 2374 disciplinae
1380 2271 1711 2372 sophisticae-esset
1729 2272 1902 2377 indeque

296 2400 478 2477 nascentis
512 2395 759 2496 eloquentiae.
811 2390 937 2485 Quam
966 2394 1177 2492 perniciosa
1211 2407 1332 2466 autem
1361 2390 1476 2465 fuerit
1508 2394 1627 2465 omnis
1656 2389 1757 2468 haec.
1775 2397 1914 2475 aetatis¹
1964 2453 1968 2459 Δ

297 2520 566 2623 imprudentia,
580 2515 656 2616 jam
669 2541 716 2589 ex
729 2538 775 2587 eo
789 2528 957 2615 apparet,
976 2514 1082 2614 quod
1100 2515 1276 2617 plerique
1294 2512 1459 2614 juvenes,
1475 2541 1572 2590 nova
1588 2514 1787 2617 disciplina
1802 2515 1901 2593 lucri

296 2668 405 2717 causa
429 2638 608 2742 quaesita,
647 2634 739 2709 belli
770 2659 928 2708 munera
959 2634 1191 2736 deponerent
1216 2630 1341 2739 itaque
1364 2637 1496 2712 molles
1522 2628 1795 2740 effeminau'que
1811 2638 1905 2714 red-

224 2855 229 2864 !
288 2765 494 2855 ederentur3
538 2782 616 2860 quo
644 2752 822 2827 accedere
850 2753 962 2825 debet
986 2756 1081 2825 ritae
1107 2753 1281 2854 publicae
1307 2758 1549 2859 privataeque
1573 2756 1771 2852 calamitas,
1804 2779 1902 2862 quae

296 2911 342 2959 ex
366 2910 465 2959 nova
493 2901 702 2979 puerorum
737 2871 955 2948 educatione
987 2901 1141 2976 surgere
1170 2877 1313 2975 potuit·
1355 2875 1460 2972 Quae
1489 2876 1685 2979 hucusque
1714 2878 1904 2982 disputata

295 3020 395 3095 eunt,
434 3030 477 3075 ea
502 2994 682 3072 nonnihil
709 2994 802 3068 lucis
831 2995 1071 3096 explicandae
1095 2998 1255 3071 Socratis
1281 3021 1462 3098 personae
1488 2995 1620 3088 afferre
1654 2982 1899 3077 videbantur.

293 3128 424 3227 Neque
450 3124 546 3196 enim
576 3121 717 3193 mirum
738 3143 815 3191 esse
840 3116 1005 3209 debebit,
1039 3117 1135 3220 quid
1155 3120 1215 3211 sit,
1242 3119 1349 3221 quod
1372 3133 1482 3218 poeta
1500 3117 1619 3226 multa
1642 3119 1683 3191 in
1707 3145 1789 3195 eam
1812 3146 1913 3197 oon-⁷

292 3236 433 3338 tulerit,
469 3270 566 3346 quae
599 3239 857 3341 Sophistarum
887 3241 1046 3341 propria
1074 3239 1188 3314 fuisse
1221 3239 1408 3339 dicantur.
1458 3240 1607 3312 Etenim
1638 3264 1723 3314 cum
1754 3223 1903 3319 causam

293 3369 467 3471 publicae
493 3367 620 3467 pestis,
646 3391 722 3464 qua
748 3365 921 3436 universa
944 3359 1116 3459 juventus
1143 3360 1343 3452 laboraret,
1370 3361 1411 3433 in
1435 3358 1630 3434 rhetorum
1651 3361 1778 3436 schola
1799 3366 1899 3466 posi·
2000 3454 2006 3466 t

292 3504 369 3562 tam
392 3487 642 3561 arbitraretur
674 3507 797 3580 neque
831 3478 1020 3552 dubitaret
1052 3477 1178 3553 sedem
1204 3476 1283 3578 ejus
1309 3483 1560 3574 φροντιστήριον
1585 3492 1813 3585 proponere,
1845 3485 1898 3560 fa-

294 3609 366 3683 eile
398 3605 556 3709 perduci
594 3602 731 3704 potuit,
774 3614 815 3672 ut
848 3601 887 3671 in
921 3599 1071 3674 scholae
1099 3589 1290 3700 magistro,
1336 3600 1459 3701 qualis
1485 3603 1653 3679 Socrates
1693 3604 1899 3698 inducitur,

292 3729 409 3802 multa
437 3727 645 3827 colligeret,
681 3747 777 3822 quae
806 3722 924 3820 ipsius
950 3721 1099 3796 scholae
1131 3721 1288 3821 propria
1321 3734 1452 3813 essent,
1490 3721 1688 3824 conjuncta
1717 3752 1802 3802 cum
1831 3731 1899 3821 iis,

292 3874 389 3951 quae
422 3849 589 3920 Socratis·
618 3856 790 3917 naturam
823 3844 1053 3942 attingerent
1106 3841 1230 3939 Quam
1258 3842 1375 3955 multa
1411 3858 1533 3918 autem
1567 3847 1706 3920 comica
1738 3827 1938 3925 Socratiu·

250 4063 254 4072 Ι
291 3990 453 4070 persona
476 3966 679 4054 contineat,
702 3978 800 4065 quae
824 3962 1022 4066 adipsum
1044 3963 1313 4065 philosophum
1338 3968 1491 4040 omnino
1515 3969 1738 4068 pertineant,
1764 3987 1829 4046 aut
1850 3974 1901 4048 si·

289 4083 504 4162 militudine
533 4082 697 4184 quadam
723 4085 897 4160 dicantur
922 4098 959 4157 et
986 4081 1184 4158 deridendi
1216 4110 1325 4160 causa
1349 4104 1613 4188 exaugeantur,
1647 4085 1726 4190 ejus
1751 4092 1808 4164 rei
1836 4118 1899 4167 ex·

290 4207 503 4310 planatione
531 4201 782 4303 supersedere·
807 4232 976 4308 possum,
1016 4208 1196 4308 quoniam¹
1226 4207 1287 4282 vir
1315 4209 1630 4310 ingeniosissimus
1655 4215 1898 4307 Suevernius,
1993 4248 2004 4259 ·

290 4327 390 4402 omui
416 4328 632 4426 quaestione
652 4328 786 4422 soluta,
815 4330 910 4404 nihil
935 4328 1105 4430 reliquit,
1136 4328 1242 4430 quod
1261 4333 1394 4407 merito
1419 4326 1705 4435 adjiciatur.¹⁴4·
1755 4324 1926 4431 Quem?

296 4460 586 4516 .......-.-.'-

357 4582 697 4669 -.1auaaeraast.
713 4569 849 4666 aare,
868 4583 997 4668 aas.
1024 4587 1106 4649 aar.
1126 4585 1214 4672 aa.
1228 4565 1364 4669 near,
1387 4588 1523 4667 aiace.
1538 4606 1561 4673 a
1575 4587 1747 4667 aarum,
1766 4584 1918 4664 otoo*
